%YAML 1.1
%TAG !u! tag:unity3d.com,2011:
--- !u!1 &3695454776621967483
GameObject:
  m_ObjectHideFlags: 0
  m_CorrespondingSourceObject: {fileID: 0}
  m_PrefabInstance: {fileID: 0}
  m_PrefabAsset: {fileID: 0}
  serializedVersion: 6
  m_Component:
  - component: {fileID: 3695454776621967480}
  - component: {fileID: 1358816610241086082}
  - component: {fileID: 1358816610241086081}
  - component: {fileID: 1358816610241086083}
  m_Layer: 0
  m_Name: Obi Emitter
  m_TagString: Untagged
  m_Icon: {fileID: 0}
  m_NavMeshLayer: 0
  m_StaticEditorFlags: 0
  m_IsActive: 1
--- !u!4 &3695454776621967480
Transform:
  m_ObjectHideFlags: 0
  m_CorrespondingSourceObject: {fileID: 0}
  m_PrefabInstance: {fileID: 0}
  m_PrefabAsset: {fileID: 0}
  m_GameObject: {fileID: 3695454776621967483}
  m_LocalRotation: {x: -0, y: 0.64622664, z: -0.7631456, w: 0}
  m_LocalPosition: {x: 0.029, y: 2.255, z: 6.968}
  m_LocalScale: {x: 0.16379, y: 0.16379, z: 0.16379}
  m_Children: []
  m_Father: {fileID: 3695454776634087580}
  m_RootOrder: 0
  m_LocalEulerAnglesHint: {x: 99.484985, y: 180, z: -0.000015258789}
--- !u!114 &1358816610241086082
MonoBehaviour:
  m_ObjectHideFlags: 0
  m_CorrespondingSourceObject: {fileID: 0}
  m_PrefabInstance: {fileID: 0}
  m_PrefabAsset: {fileID: 0}
  m_GameObject: {fileID: 3695454776621967483}
  m_Enabled: 1
  m_EditorHideFlags: 0
  m_Script: {fileID: 11500000, guid: 78c37f4b1f0174c6ebfdf0e7b8af64a3, type: 3}
  m_Name: 
  m_EditorClassIdentifier: 
  m_CollisionMaterial: {fileID: 11400000, guid: 7e318fd02475245f48f8f968e5ef09d5,
    type: 2}
  emitterBlueprint: {fileID: 11400000, guid: 486b43e1cbd4b674aa3f34ea451e566b, type: 2}
  fluidPhase: 0
  emissionMethod: 0
  minPoolSize: 0.3
  speed: 3
  lifespan: 3
  randomVelocity: 0
  useShapeColor: 1
  emitterShapes:
  - {fileID: 1358816610241086083}
  life:
  - 3
  - 3
  - 3
  - 3
  - 3
  - 3
  - 3
  - 3
  - 3
  - 3
  - 3
  - 3
  - 3
  - 3
  - 3
  - 3
  - 3
  - 3
  - 3
  - 3
  - 3
  - 3
  - 3
  - 3
  - 3
  - 3
  - 3
  - 3
  - 3
  - 3
  - 3
  - 3
  - 3
  - 3
  - 3
  - 3
  - 3
  - 3
  - 3
  - 3
  - 3
  - 3
  - 3
  - 3
  - 3
  - 3
  - 3
  - 3
  - 3
  - 3
  - 3
  - 3
  - 3
  - 3
  - 3
  - 3
  - 3
  - 3
  - 3
  - 3
  - 3
  - 3
  - 3
  - 3
  - 3
  - 3
  - 3
  - 3
  - 3
  - 3
  - 3
  - 3
  - 3
  - 3
  - 3
  - 3
  - 3
  - 3
  - 3
  - 3
  - 3
  - 3
  - 3
  - 3
  - 3
  - 3
  - 3
  - 3
  - 3
  - 3
  - 3
  - 3
  - 3
  - 3
  - 3
  - 3
  - 3
  - 3
  - 3
  - 3
  - 3
  - 3
  - 3
  - 3
  - 3
  - 3
  - 3
  - 3
  - 3
  - 3
  - 3
  - 3
  - 3
  - 3
  - 3
  - 3
  - 3
  - 3
  - 3
  - 3
  - 3
  - 3
  - 3
  - 3
  - 3
  - 3
  - 3
  - 3
  - 3
  - 3
  - 3
  - 3
  - 3
  - 3
  - 3
  - 3
  - 3
  - 3
  - 3
  - 3
  - 3
  - 3
  - 3
  - 3
  - 3
  - 3
  - 3
  - 3
  - 3
  - 3
  - 3
  - 3
  - 3
  - 3
  - 3
  - 3
  - 3
  - 3
  - 3
  - 3
  - 3
  - 3
  - 3
  - 3
  - 3
  - 3
  - 3
  - 3
  - 3
  - 3
  - 3
  - 3
  - 3
  - 3
  - 3
  - 3
  - 3
  - 3
  - 3
  - 3
  - 3
  - 3
  - 3
  - 3
  - 3
  - 3
  - 3
  - 3
  - 3
  - 3
  - 3
  - 3
  - 3
  - 3
  - 3
  - 3
  - 3
  - 3
  - 3
  - 3
  - 3
  - 3
  - 3
  - 3
  - 3
  - 3
  - 3
  - 3
  - 3
  - 3
  - 3
  - 3
  - 3
  - 3
  - 3
  - 3
  - 3
  - 3
  - 3
  - 3
  - 3
  - 3
  - 3
  - 3
  - 3
  - 3
  - 3
  - 3
  - 3
  - 3
  - 3
  - 3
  - 3
  - 3
  - 3
  - 3
  - 3
  - 3
  - 3
  - 3
  - 3
  - 3
  - 3
  - 3
  - 3
  - 3
  - 3
  - 3
  - 3
  - 3
  - 3
  - 3
  - 3
  - 3
  - 3
  - 3
  - 3
  - 3
  - 3
  - 3
  - 3
  - 3
  - 3
  - 3
  - 3
  - 3
  - 3
  - 3
  - 3
  - 3
  - 3
  - 3
  - 3
  - 3
  - 3
  - 3
  - 3
  - 3
  - 3
  - 3
  - 3
  - 3
  - 3
  - 3
  - 3
  - 3
  - 3
  - 3
  - 3
  - 3
  - 3
  - 3
  - 3
  - 3
  - 3
  - 3
  - 3
  - 3
  - 3
  - 3
  - 3
  - 3
  - 3
  - 3
  - 3
  - 3
  - 3
  - 3
  - 3
  - 3
  - 3
  - 3
  - 3
  - 3
  - 3
  - 3
  - 3
  - 3
  - 3
  - 3
  - 3
  - 3
  - 3
  - 3
  - 3
  - 3
  - 3
  - 3
  - 3
  - 3
  - 3
  - 3
  - 3
  - 3
  - 3
  - 3
  - 3
  - 3
  - 3
  - 3
  - 3
  - 3
  - 3
  - 3
  - 3
  - 3
  - 3
  - 3
  - 3
  - 3
  - 3
  - 3
  - 3
  - 3
  - 3
  - 3
  - 3
  - 3
  - 3
  - 3
  - 3
  - 3
  - 3
  - 3
  - 3
  - 3
  - 3
  - 3
  - 3
  - 3
  - 3
  - 3
  - 3
  - 3
  - 3
  - 3
  - 3
  - 3
  - 3
  - 3
  - 3
  - 3
  - 3
  - 3
  - 3
  - 3
  - 3
  - 3
  - 3
  - 3
  - 3
  - 3
  - 3
  - 3
  - 3
  - 3
  - 3
  - 3
  - 3
  - 3
  - 3
  - 3
  - 3
  - 3
  - 3
  - 3
  - 3
  - 3
  - 3
  - 3
  - 3
  - 3
  - 3
  - 3
  - 3
  - 3
  - 3
  - 3
  - 3
  - 3
  - 3
  - 3
  - 3
  - 3
  - 3
  - 3
  - 3
  - 3
  - 3
  - 3
  - 3
  - 3
  - 3
  - 3
  - 3
  - 3
  - 3
  - 3
  - 3
  - 3
  - 3
  - 3
  - 3
  - 3
  - 3
  - 3
  - 3
  - 3
  - 3
  - 3
  - 3
  - 3
  - 3
  - 3
  - 3
  - 3
  - 3
  - 3
  - 3
  - 3
  - 3
  - 3
  - 3
  - 3
  - 3
  - 3
  - 3
  - 3
  - 3
  - 3
  - 3
  - 3
  - 3
  - 3
  - 3
  - 3
  - 3
  - 3
  - 3
  - 3
  - 3
  - 3
  - 3
  - 3
  - 3
  - 3
  - 3
  - 3
  - 3
  - 3
  - 3
  - 3
  - 3
  - 3
  - 3
  - 3
  - 3
  - 3
  - 3
  - 3
  - 3
  - 3
  - 3
  - 3
  - 3
  - 3
  - 3
  - 3
  - 3
  - 3
  - 3
  - 3
  - 3
  - 3
  - 3
  - 3
  - 3
  - 3
  - 3
  - 3
  - 3
  - 3
  - 3
  - 3
  - 3
  - 3
  - 3
  - 3
  - 3
  - 3
  - 3
  - 3
  - 3
  - 3
  - 3
  - 3
  - 3
  - 3
  - 3
  - 3
  - 3
  - 3
  - 3
  - 3
  - 3
  - 3
  - 3
  - 3
  - 3
  - 3
  - 3
  - 3
  - 3
  - 3
  - 3
  - 3
  - 3
  - 3
  - 3
  - 3
  - 3
  - 3
  - 3
  - 3
  - 3
  - 3
  - 3
  - 3
  - 3
  - 3
  - 3
  - 3
  - 3
  - 3
  - 3
  - 3
  - 3
  - 3
  - 3
  - 3
  - 3
  - 3
  - 3
  - 3
  - 3
  - 3
  - 3
  - 3
  - 3
  - 3
  - 3
  - 3
  - 3
  - 3
  - 3
  - 3
  - 3
  - 3
  - 3
  - 3
  - 3
  - 3
  - 3
  - 3
  - 3
  - 3
  - 3
  - 3
  - 3
  - 3
  - 3
  - 3
  - 3
  - 3
  - 3
  - 3
  - 3
  - 3
  - 3
  - 3
  - 3
  - 3
  - 3
  - 3
  - 3
  - 3
  - 3
  - 3
  - 3
  - 3
  - 3
  - 3
  - 3
  - 3
  - 3
  - 3
  - 3
  - 3
  - 3
  - 3
  - 3
  - 3
  - 3
  - 3
  - 3
  - 3
  - 3
  - 3
  - 3
  - 3
  - 3
  - 3
  - 3
  - 3
  - 3
  - 3
  - 3
  - 3
  - 3
  - 3
  - 3
  - 3
  - 3
  - 3
  - 3
  - 3
  - 3
  - 3
  - 3
  - 3
  - 3
  - 3
  - 3
  - 3
  - 3
  - 3
  - 3
  - 3
  - 3
  - 3
  - 3
  - 3
  - 3
  - 3
  - 3
  - 3
  - 3
  - 3
  - 3
  - 3
  - 3
  - 3
  - 3
  - 3
  - 3
  - 3
  - 3
  - 3
  - 3
  - 3
  - 3
  - 3
  - 3
  - 3
  - 3
  - 3
  - 3
  - 3
  - 3
  - 3
  - 3
  - 3
  - 3
  - 3
  - 3
  - 3
  - 3
  - 3
  - 3
  - 3
  - 3
  - 3
  - 3
  - 3
  - 3
  - 3
  - 3
  - 3
  - 3
  - 3
  - 3
  - 3
  - 3
  - 3
  - 3
  - 3
  - 3
  - 3
  - 3
  - 3
  - 3
  - 3
  - 3
  - 3
  - 3
  - 3
  - 3
  - 3
  - 3
  - 3
  - 3
  - 3
  - 3
  - 3
  - 3
  - 3
  - 3
  - 3
  - 3
  - 3
  - 3
  - 3
  - 3
  - 3
  - 3
  - 3
  - 3
  - 3
  - 3
  - 3
  - 3
  - 3
  - 3
  - 3
  - 3
  - 3
  - 3
  - 3
  - 3
  - 3
  - 3
  - 3
  - 3
  - 3
  - 3
  - 3
  - 3
  - 3
  - 3
  - 3
  - 3
  - 3
  - 3
  - 3
  - 3
  - 3
  - 3
  - 3
  - 3
  - 3
  - 3
  - 3
  - 3
  - 3
  - 3
  - 3
  - 3
  - 3
  - 3
  - 3
  - 3
  - 3
  - 3
  - 3
  - 3
  - 3
  - 3
  - 3
  - 3
  - 3
  - 3
  - 3
  - 3
  - 3
  - 3
  - 3
  - 3
  - 3
  - 3
  - 3
  - 3
  - 3
  - 3
  - 3
  - 3
  - 3
  - 3
  - 3
  - 3
  - 3
  - 3
  - 3
  - 3
  - 3
  - 3
  - 3
  - 3
  - 3
  - 3
  - 3
  - 3
  - 3
  - 3
  - 3
  - 3
  - 3
  - 3
  - 3
  - 3
  - 3
  - 3
  - 3
  - 3
  - 3
  - 3
  - 3
  - 3
  - 3
  - 3
  - 3
  - 3
  - 3
  - 3
  - 3
  - 3
  - 3
  - 3
  - 3
  - 3
  - 3
  - 3
  - 3
  - 3
  - 3
  - 3
  - 3
  - 3
  - 3
  - 3
  - 3
  - 3
  - 3
  - 3
  - 3
  - 3
  - 3
  - 3
  - 3
  - 3
  - 3
  - 3
  - 3
  - 3
  - 3
  - 3
  - 3
  - 3
  - 3
  - 3
  - 3
  - 3
  - 3
  - 3
  - 3
  - 3
  - 3
  - 3
  - 3
  - 3
  - 3
  - 3
  - 3
  - 3
  - 3
  - 3
  - 3
  - 3
  - 3
  - 3
  - 3
  - 3
  - 3
  - 3
  - 3
  - 3
  - 3
  - 3
  - 3
  - 3
  - 3
  - 3
  - 3
  - 3
  - 3
  - 3
  - 3
  - 3
  - 3
  - 3
  - 3
  - 3
  - 3
  - 3
  - 3
  - 3
  - 3
  - 3
  - 3
  - 3
  - 3
  - 3
  - 3
  - 3
  - 3
  - 3
  - 3
  - 3
  - 3
  - 3
  - 3
  - 3
  - 3
  - 3
  - 3
  - 3
  - 3
  - 3
  - 3
  - 3
  - 3
  - 3
  - 3
  - 3
  - 3
  - 3
  - 3
  - 3
  - 3
  - 3
  - 3
  - 3
  - 3
  - 3
  - 3
  - 3
  - 3
  - 3
  - 3
  - 3
  - 3
--- !u!114 &1358816610241086081
MonoBehaviour:
  m_ObjectHideFlags: 0
  m_CorrespondingSourceObject: {fileID: 0}
  m_PrefabInstance: {fileID: 0}
  m_PrefabAsset: {fileID: 0}
  m_GameObject: {fileID: 3695454776621967483}
  m_Enabled: 1
  m_EditorHideFlags: 0
  m_Script: {fileID: 11500000, guid: c8b45ebbf86be4df6b0e6cd933812af2, type: 3}
  m_Name: 
  m_EditorClassIdentifier: 
  render: 0
  shader: {fileID: 4800000, guid: 87908c483837f4df49e97fa1aa0dacda, type: 3}
  particleColor: {r: 0.052620906, g: 1, b: 0.0039215684, a: 1}
  radiusScale: 1
--- !u!114 &1358816610241086083
MonoBehaviour:
  m_ObjectHideFlags: 0
  m_CorrespondingSourceObject: {fileID: 0}
  m_PrefabInstance: {fileID: 0}
  m_PrefabAsset: {fileID: 0}
  m_GameObject: {fileID: 3695454776621967483}
  m_Enabled: 1
  m_EditorHideFlags: 0
  m_Script: {fileID: 11500000, guid: 748587b7cb89947cdb69eed6554256f6, type: 3}
  m_Name: 
  m_EditorClassIdentifier: 
  emitter: {fileID: 1358816610241086082}
  color: {r: 1, g: 1, b: 1, a: 1}
  particleSize: 0.07937005
  distribution:
  - position: {x: -0.25, y: 0, z: 0}
    velocity: {x: 0, y: 0, z: 1}
    color: {r: 1, g: 1, b: 1, a: 1}
  - position: {x: -0.16062996, y: 0, z: 0}
    velocity: {x: 0, y: 0, z: 1}
    color: {r: 1, g: 1, b: 1, a: 1}
  - position: {x: -0.0712599, y: 0, z: 0}
    velocity: {x: 0, y: 0, z: 1}
    color: {r: 1, g: 1, b: 1, a: 1}
  - position: {x: 0.018110149, y: 0, z: 0}
    velocity: {x: 0, y: 0, z: 1}
    color: {r: 1, g: 1, b: 1, a: 1}
  - position: {x: 0.1074802, y: 0, z: 0}
    velocity: {x: 0, y: 0, z: 1}
    color: {r: 1, g: 1, b: 1, a: 1}
  - position: {x: 0.19685024, y: 0, z: 0}
    velocity: {x: 0, y: 0, z: 1}
    color: {r: 1, g: 1, b: 1, a: 1}
  lenght: 0.5
  radialVelocity: 0
--- !u!1 &3695454776634087569
GameObject:
  m_ObjectHideFlags: 0
  m_CorrespondingSourceObject: {fileID: 0}
  m_PrefabInstance: {fileID: 0}
  m_PrefabAsset: {fileID: 0}
  serializedVersion: 6
  m_Component:
  - component: {fileID: 3695454776634087580}
  - component: {fileID: 3695454776634087583}
  - component: {fileID: 3695454776634087582}
  m_Layer: 0
  m_Name: Obi Solver
  m_TagString: Untagged
  m_Icon: {fileID: 0}
  m_NavMeshLayer: 0
  m_StaticEditorFlags: 0
  m_IsActive: 1
--- !u!4 &3695454776634087580
Transform:
  m_ObjectHideFlags: 0
  m_CorrespondingSourceObject: {fileID: 0}
  m_PrefabInstance: {fileID: 0}
  m_PrefabAsset: {fileID: 0}
  m_GameObject: {fileID: 3695454776634087569}
  m_LocalRotation: {x: 0, y: 0, z: 0, w: 1}
  m_LocalPosition: {x: 0, y: 1.828, z: 0}
  m_LocalScale: {x: 1, y: 1, z: 1}
  m_Children:
  - {fileID: 3695454776621967480}
  m_Father: {fileID: 0}
  m_RootOrder: 0
  m_LocalEulerAnglesHint: {x: 0, y: 0, z: 0}
--- !u!114 &3695454776634087583
MonoBehaviour:
  m_ObjectHideFlags: 0
  m_CorrespondingSourceObject: {fileID: 0}
  m_PrefabInstance: {fileID: 0}
  m_PrefabAsset: {fileID: 0}
  m_GameObject: {fileID: 3695454776634087569}
  m_Enabled: 1
  m_EditorHideFlags: 0
  m_Script: {fileID: 11500000, guid: 9d174fab52f0c4b8399f25d5c3ea524c, type: 3}
  m_Name: 
  m_EditorClassIdentifier: 
  simulateWhenInvisible: 1
  m_Backend: 1
  parameters:
    mode: 0
    interpolation: 0
    gravity: {x: 0, y: -9.81, z: 0}
    damping: 0
    shockPropagation: 0
    maxAnisotropy: 3
    maxDepenetration: 5
    sleepThreshold: 0.0001
  worldLinearInertiaScale: 0
  worldAngularInertiaScale: 0
  distanceConstraintParameters:
    evaluationOrder: 0
    iterations: 3
    SORFactor: 1
    enabled: 0
  bendingConstraintParameters:
    evaluationOrder: 1
    iterations: 3
    SORFactor: 1
    enabled: 0
  particleCollisionConstraintParameters:
    evaluationOrder: 0
    iterations: 1
    SORFactor: 1
    enabled: 0
  particleFrictionConstraintParameters:
    evaluationOrder: 1
    iterations: 1
    SORFactor: 1
    enabled: 0
  collisionConstraintParameters:
    evaluationOrder: 0
    iterations: 4
    SORFactor: 1
    enabled: 1
  frictionConstraintParameters:
    evaluationOrder: 1
    iterations: 1
    SORFactor: 1
    enabled: 1
  skinConstraintParameters:
    evaluationOrder: 0
    iterations: 1
    SORFactor: 1
    enabled: 0
  volumeConstraintParameters:
    evaluationOrder: 1
    iterations: 2
    SORFactor: 1
    enabled: 0
  shapeMatchingConstraintParameters:
    evaluationOrder: 1
    iterations: 3
    SORFactor: 1
    enabled: 0
  tetherConstraintParameters:
    evaluationOrder: 1
    iterations: 1
    SORFactor: 1
    enabled: 0
  pinConstraintParameters:
    evaluationOrder: 1
    iterations: 3
    SORFactor: 1
    enabled: 0
  stitchConstraintParameters:
    evaluationOrder: 1
    iterations: 2
    SORFactor: 1
    enabled: 0
  densityConstraintParameters:
    evaluationOrder: 1
    iterations: 2
    SORFactor: 1
    enabled: 1
  stretchShearConstraintParameters:
    evaluationOrder: 0
    iterations: 3
    SORFactor: 1
    enabled: 0
  bendTwistConstraintParameters:
    evaluationOrder: 0
    iterations: 3
    SORFactor: 1
    enabled: 0
  chainConstraintParameters:
    evaluationOrder: 0
    iterations: 3
    SORFactor: 1
    enabled: 0
--- !u!114 &3695454776634087582
MonoBehaviour:
  m_ObjectHideFlags: 0
  m_CorrespondingSourceObject: {fileID: 0}
  m_PrefabInstance: {fileID: 0}
  m_PrefabAsset: {fileID: 0}
  m_GameObject: {fileID: 3695454776634087569}
  m_Enabled: 1
  m_EditorHideFlags: 0
  m_Script: {fileID: 11500000, guid: 1d9704d540ac448439a425526f6b2986, type: 3}
  m_Name: 
  m_EditorClassIdentifier: 
  solvers:
  - {fileID: 3695454776634087583}
  substepUnityPhysics: 0
  substeps: 1
