%YAML 1.1
%TAG !u! tag:unity3d.com,2011:
--- !u!1 &6515266960866473273
GameObject:
  m_ObjectHideFlags: 0
  m_CorrespondingSourceObject: {fileID: 0}
  m_PrefabInstance: {fileID: 0}
  m_PrefabAsset: {fileID: 0}
  serializedVersion: 6
  m_Component:
  - component: {fileID: 2622303197889128435}
  m_Layer: 0
  m_Name: SpawnPoint
  m_TagString: Untagged
  m_Icon: {fileID: 0}
  m_NavMeshLayer: 0
  m_StaticEditorFlags: 0
  m_IsActive: 1
--- !u!4 &2622303197889128435
Transform:
  m_ObjectHideFlags: 0
  m_CorrespondingSourceObject: {fileID: 0}
  m_PrefabInstance: {fileID: 0}
  m_PrefabAsset: {fileID: 0}
  m_GameObject: {fileID: 6515266960866473273}
  m_LocalRotation: {x: 1, y: -0, z: -0, w: 0}
  m_LocalPosition: {x: -5.12, y: 0, z: -11.84}
  m_LocalScale: {x: 1, y: 1, z: 1}
  m_Children: []
  m_Father: {fileID: 4021517923525491650}
  m_RootOrder: 7
  m_LocalEulerAnglesHint: {x: 0, y: 180, z: 0}
--- !u!1 &8254178659020543969
GameObject:
  m_ObjectHideFlags: 0
  m_CorrespondingSourceObject: {fileID: 0}
  m_PrefabInstance: {fileID: 0}
  m_PrefabAsset: {fileID: 0}
  serializedVersion: 6
  m_Component:
  - component: {fileID: 4021517923525491650}
  - component: {fileID: 6983673635791693613}
  m_Layer: 0
  m_Name: Pipe1
  m_TagString: Untagged
  m_Icon: {fileID: 0}
  m_NavMeshLayer: 0
  m_StaticEditorFlags: 0
  m_IsActive: 1
--- !u!4 &4021517923525491650
Transform:
  m_ObjectHideFlags: 0
  m_CorrespondingSourceObject: {fileID: 0}
  m_PrefabInstance: {fileID: 0}
  m_PrefabAsset: {fileID: 0}
  m_GameObject: {fileID: 8254178659020543969}
  m_LocalRotation: {x: 0, y: 0, z: 0, w: 1}
  m_LocalPosition: {x: 0, y: 0, z: 0}
  m_LocalScale: {x: 0.4, y: 0.4, z: 0.4}
  m_Children:
  - {fileID: 530802059599708618}
  - {fileID: 2319041656734795285}
  - {fileID: 5456270523552458507}
  - {fileID: 4628741142000818609}
  - {fileID: 8580186604352768617}
  - {fileID: 5934219392748691753}
  - {fileID: 5613293499310216136}
  - {fileID: 2622303197889128435}
  m_Father: {fileID: 0}
  m_RootOrder: 0
  m_LocalEulerAnglesHint: {x: 0, y: 0, z: 0}
--- !u!114 &6983673635791693613
MonoBehaviour:
  m_ObjectHideFlags: 0
  m_CorrespondingSourceObject: {fileID: 0}
  m_PrefabInstance: {fileID: 0}
  m_PrefabAsset: {fileID: 0}
  m_GameObject: {fileID: 8254178659020543969}
  m_Enabled: 1
  m_EditorHideFlags: 0
  m_Script: {fileID: 11500000, guid: 220975ff0dcbab24496c467d2868a5d7, type: 3}
  m_Name: 
  m_EditorClassIdentifier: 
  maxBallSpawn: 0
  spawnPoint: {fileID: 2622303197889128435}
  ballPrefab: {fileID: 5583665768159516497, guid: 9e1f9d771e0cf3245904e2b351318fbe,
    type: 3}
--- !u!1001 &1448415300168558080
PrefabInstance:
  m_ObjectHideFlags: 0
  serializedVersion: 2
  m_Modification:
    m_TransformParent: {fileID: 4021517923525491650}
    m_Modifications:
    - target: {fileID: 6118860857842506673, guid: 50b24bb41b5c3a145bf3f09022f870e6,
        type: 3}
      propertyPath: m_Name
      value: PipeLongSegment (1)
      objectReference: {fileID: 0}
    - target: {fileID: 6890893545005039883, guid: 50b24bb41b5c3a145bf3f09022f870e6,
        type: 3}
      propertyPath: m_RootOrder
      value: 2
      objectReference: {fileID: 0}
    - target: {fileID: 6890893545005039883, guid: 50b24bb41b5c3a145bf3f09022f870e6,
        type: 3}
      propertyPath: m_LocalPosition.x
      value: 0
      objectReference: {fileID: 0}
    - target: {fileID: 6890893545005039883, guid: 50b24bb41b5c3a145bf3f09022f870e6,
        type: 3}
      propertyPath: m_LocalPosition.y
      value: 0
      objectReference: {fileID: 0}
    - target: {fileID: 6890893545005039883, guid: 50b24bb41b5c3a145bf3f09022f870e6,
        type: 3}
      propertyPath: m_LocalPosition.z
      value: -6.55
      objectReference: {fileID: 0}
    - target: {fileID: 6890893545005039883, guid: 50b24bb41b5c3a145bf3f09022f870e6,
        type: 3}
      propertyPath: m_LocalRotation.w
      value: 1
      objectReference: {fileID: 0}
    - target: {fileID: 6890893545005039883, guid: 50b24bb41b5c3a145bf3f09022f870e6,
        type: 3}
      propertyPath: m_LocalRotation.x
      value: -0
      objectReference: {fileID: 0}
    - target: {fileID: 6890893545005039883, guid: 50b24bb41b5c3a145bf3f09022f870e6,
        type: 3}
      propertyPath: m_LocalRotation.y
      value: -0
      objectReference: {fileID: 0}
    - target: {fileID: 6890893545005039883, guid: 50b24bb41b5c3a145bf3f09022f870e6,
        type: 3}
      propertyPath: m_LocalRotation.z
      value: -0
      objectReference: {fileID: 0}
    - target: {fileID: 6890893545005039883, guid: 50b24bb41b5c3a145bf3f09022f870e6,
        type: 3}
      propertyPath: m_LocalEulerAnglesHint.x
      value: 0
      objectReference: {fileID: 0}
    - target: {fileID: 6890893545005039883, guid: 50b24bb41b5c3a145bf3f09022f870e6,
        type: 3}
      propertyPath: m_LocalEulerAnglesHint.y
      value: 0
      objectReference: {fileID: 0}
    - target: {fileID: 6890893545005039883, guid: 50b24bb41b5c3a145bf3f09022f870e6,
        type: 3}
      propertyPath: m_LocalEulerAnglesHint.z
      value: 0
      objectReference: {fileID: 0}
    m_RemovedComponents: []
  m_SourcePrefab: {fileID: 100100000, guid: 50b24bb41b5c3a145bf3f09022f870e6, type: 3}
--- !u!4 &5456270523552458507 stripped
Transform:
  m_CorrespondingSourceObject: {fileID: 6890893545005039883, guid: 50b24bb41b5c3a145bf3f09022f870e6,
    type: 3}
  m_PrefabInstance: {fileID: 1448415300168558080}
  m_PrefabAsset: {fileID: 0}
--- !u!1001 &2278197576194791610
PrefabInstance:
  m_ObjectHideFlags: 0
  serializedVersion: 2
  m_Modification:
    m_TransformParent: {fileID: 4021517923525491650}
    m_Modifications:
    - target: {fileID: 1005089221009019364, guid: 50b24bb41b5c3a145bf3f09022f870e6,
        type: 3}
      propertyPath: m_LocalPosition.x
      value: 0
      objectReference: {fileID: 0}
    - target: {fileID: 1005089221009019364, guid: 50b24bb41b5c3a145bf3f09022f870e6,
        type: 3}
      propertyPath: m_LocalPosition.z
      value: -0.6
      objectReference: {fileID: 0}
    - target: {fileID: 3452247446214803397, guid: 50b24bb41b5c3a145bf3f09022f870e6,
        type: 3}
      propertyPath: m_LocalScale.y
      value: 1.9642502
      objectReference: {fileID: 0}
    - target: {fileID: 3452247446214803397, guid: 50b24bb41b5c3a145bf3f09022f870e6,
        type: 3}
      propertyPath: m_LocalPosition.z
      value: 1.34
      objectReference: {fileID: 0}
    - target: {fileID: 6118860857842506673, guid: 50b24bb41b5c3a145bf3f09022f870e6,
        type: 3}
      propertyPath: m_Name
      value: PipeLongSegment (2)
      objectReference: {fileID: 0}
    - target: {fileID: 6890893545005039883, guid: 50b24bb41b5c3a145bf3f09022f870e6,
        type: 3}
      propertyPath: m_RootOrder
      value: 3
      objectReference: {fileID: 0}
    - target: {fileID: 6890893545005039883, guid: 50b24bb41b5c3a145bf3f09022f870e6,
        type: 3}
      propertyPath: m_LocalPosition.x
      value: -3.91
      objectReference: {fileID: 0}
    - target: {fileID: 6890893545005039883, guid: 50b24bb41b5c3a145bf3f09022f870e6,
        type: 3}
      propertyPath: m_LocalPosition.y
      value: 0
      objectReference: {fileID: 0}
    - target: {fileID: 6890893545005039883, guid: 50b24bb41b5c3a145bf3f09022f870e6,
        type: 3}
      propertyPath: m_LocalPosition.z
      value: -10.362
      objectReference: {fileID: 0}
    - target: {fileID: 6890893545005039883, guid: 50b24bb41b5c3a145bf3f09022f870e6,
        type: 3}
      propertyPath: m_LocalRotation.w
      value: 0.7071068
      objectReference: {fileID: 0}
    - target: {fileID: 6890893545005039883, guid: 50b24bb41b5c3a145bf3f09022f870e6,
        type: 3}
      propertyPath: m_LocalRotation.x
      value: -0
      objectReference: {fileID: 0}
    - target: {fileID: 6890893545005039883, guid: 50b24bb41b5c3a145bf3f09022f870e6,
        type: 3}
      propertyPath: m_LocalRotation.y
      value: 0.7071068
      objectReference: {fileID: 0}
    - target: {fileID: 6890893545005039883, guid: 50b24bb41b5c3a145bf3f09022f870e6,
        type: 3}
      propertyPath: m_LocalRotation.z
      value: -0
      objectReference: {fileID: 0}
    - target: {fileID: 6890893545005039883, guid: 50b24bb41b5c3a145bf3f09022f870e6,
        type: 3}
      propertyPath: m_LocalEulerAnglesHint.x
      value: 0
      objectReference: {fileID: 0}
    - target: {fileID: 6890893545005039883, guid: 50b24bb41b5c3a145bf3f09022f870e6,
        type: 3}
      propertyPath: m_LocalEulerAnglesHint.y
      value: 90
      objectReference: {fileID: 0}
    - target: {fileID: 6890893545005039883, guid: 50b24bb41b5c3a145bf3f09022f870e6,
        type: 3}
      propertyPath: m_LocalEulerAnglesHint.z
      value: 0
      objectReference: {fileID: 0}
    m_RemovedComponents: []
  m_SourcePrefab: {fileID: 100100000, guid: 50b24bb41b5c3a145bf3f09022f870e6, type: 3}
--- !u!4 &4628741142000818609 stripped
Transform:
  m_CorrespondingSourceObject: {fileID: 6890893545005039883, guid: 50b24bb41b5c3a145bf3f09022f870e6,
    type: 3}
  m_PrefabInstance: {fileID: 2278197576194791610}
  m_PrefabAsset: {fileID: 0}
--- !u!1001 &4541249817155659855
PrefabInstance:
  m_ObjectHideFlags: 0
  serializedVersion: 2
  m_Modification:
    m_TransformParent: {fileID: 4021517923525491650}
    m_Modifications:
    - target: {fileID: 4854001101234354332, guid: 41caf28ce25f1f4498e977eb3d59389c,
        type: 3}
      propertyPath: m_Name
      value: PipeShortSegment
      objectReference: {fileID: 0}
    - target: {fileID: 5194674451691463206, guid: 41caf28ce25f1f4498e977eb3d59389c,
        type: 3}
      propertyPath: m_RootOrder
      value: 4
      objectReference: {fileID: 0}
    - target: {fileID: 5194674451691463206, guid: 41caf28ce25f1f4498e977eb3d59389c,
        type: 3}
      propertyPath: m_LocalPosition.x
      value: -5.1
      objectReference: {fileID: 0}
    - target: {fileID: 5194674451691463206, guid: 41caf28ce25f1f4498e977eb3d59389c,
        type: 3}
      propertyPath: m_LocalPosition.y
      value: 0
      objectReference: {fileID: 0}
    - target: {fileID: 5194674451691463206, guid: 41caf28ce25f1f4498e977eb3d59389c,
        type: 3}
      propertyPath: m_LocalPosition.z
      value: -11.49
      objectReference: {fileID: 0}
    - target: {fileID: 5194674451691463206, guid: 41caf28ce25f1f4498e977eb3d59389c,
        type: 3}
      propertyPath: m_LocalRotation.w
      value: 1
      objectReference: {fileID: 0}
    - target: {fileID: 5194674451691463206, guid: 41caf28ce25f1f4498e977eb3d59389c,
        type: 3}
      propertyPath: m_LocalRotation.x
      value: -0
      objectReference: {fileID: 0}
    - target: {fileID: 5194674451691463206, guid: 41caf28ce25f1f4498e977eb3d59389c,
        type: 3}
      propertyPath: m_LocalRotation.y
      value: -0
      objectReference: {fileID: 0}
    - target: {fileID: 5194674451691463206, guid: 41caf28ce25f1f4498e977eb3d59389c,
        type: 3}
      propertyPath: m_LocalRotation.z
      value: -0
      objectReference: {fileID: 0}
    - target: {fileID: 5194674451691463206, guid: 41caf28ce25f1f4498e977eb3d59389c,
        type: 3}
      propertyPath: m_LocalEulerAnglesHint.x
      value: 0
      objectReference: {fileID: 0}
    - target: {fileID: 5194674451691463206, guid: 41caf28ce25f1f4498e977eb3d59389c,
        type: 3}
      propertyPath: m_LocalEulerAnglesHint.y
      value: 0
      objectReference: {fileID: 0}
    - target: {fileID: 5194674451691463206, guid: 41caf28ce25f1f4498e977eb3d59389c,
        type: 3}
      propertyPath: m_LocalEulerAnglesHint.z
      value: 0
      objectReference: {fileID: 0}
    m_RemovedComponents: []
  m_SourcePrefab: {fileID: 100100000, guid: 41caf28ce25f1f4498e977eb3d59389c, type: 3}
--- !u!4 &8580186604352768617 stripped
Transform:
  m_CorrespondingSourceObject: {fileID: 5194674451691463206, guid: 41caf28ce25f1f4498e977eb3d59389c,
    type: 3}
  m_PrefabInstance: {fileID: 4541249817155659855}
  m_PrefabAsset: {fileID: 0}
--- !u!1001 &5525942732591565103
PrefabInstance:
  m_ObjectHideFlags: 0
  serializedVersion: 2
  m_Modification:
    m_TransformParent: {fileID: 4021517923525491650}
    m_Modifications:
    - target: {fileID: 1558617206662689468, guid: 3788f56536016fc4f83f5bab8179069c,
        type: 3}
      propertyPath: m_Name
      value: PipeAngleSegment
      objectReference: {fileID: 0}
    - target: {fileID: 2227736709473282054, guid: 3788f56536016fc4f83f5bab8179069c,
        type: 3}
      propertyPath: m_RootOrder
      value: 5
      objectReference: {fileID: 0}
    - target: {fileID: 2227736709473282054, guid: 3788f56536016fc4f83f5bab8179069c,
        type: 3}
      propertyPath: m_LocalPosition.x
      value: 0
      objectReference: {fileID: 0}
    - target: {fileID: 2227736709473282054, guid: 3788f56536016fc4f83f5bab8179069c,
        type: 3}
      propertyPath: m_LocalPosition.y
      value: 0
      objectReference: {fileID: 0}
    - target: {fileID: 2227736709473282054, guid: 3788f56536016fc4f83f5bab8179069c,
        type: 3}
      propertyPath: m_LocalPosition.z
      value: -10.359
      objectReference: {fileID: 0}
    - target: {fileID: 2227736709473282054, guid: 3788f56536016fc4f83f5bab8179069c,
        type: 3}
      propertyPath: m_LocalRotation.w
      value: 1
      objectReference: {fileID: 0}
    - target: {fileID: 2227736709473282054, guid: 3788f56536016fc4f83f5bab8179069c,
        type: 3}
      propertyPath: m_LocalRotation.x
      value: -0
      objectReference: {fileID: 0}
    - target: {fileID: 2227736709473282054, guid: 3788f56536016fc4f83f5bab8179069c,
        type: 3}
      propertyPath: m_LocalRotation.y
      value: -0
      objectReference: {fileID: 0}
    - target: {fileID: 2227736709473282054, guid: 3788f56536016fc4f83f5bab8179069c,
        type: 3}
      propertyPath: m_LocalRotation.z
      value: -0
      objectReference: {fileID: 0}
    - target: {fileID: 2227736709473282054, guid: 3788f56536016fc4f83f5bab8179069c,
        type: 3}
      propertyPath: m_LocalEulerAnglesHint.x
      value: 0
      objectReference: {fileID: 0}
    - target: {fileID: 2227736709473282054, guid: 3788f56536016fc4f83f5bab8179069c,
        type: 3}
      propertyPath: m_LocalEulerAnglesHint.y
      value: 0
      objectReference: {fileID: 0}
    - target: {fileID: 2227736709473282054, guid: 3788f56536016fc4f83f5bab8179069c,
        type: 3}
      propertyPath: m_LocalEulerAnglesHint.z
      value: 0
      objectReference: {fileID: 0}
    m_RemovedComponents: []
  m_SourcePrefab: {fileID: 100100000, guid: 3788f56536016fc4f83f5bab8179069c, type: 3}
--- !u!4 &5934219392748691753 stripped
Transform:
  m_CorrespondingSourceObject: {fileID: 2227736709473282054, guid: 3788f56536016fc4f83f5bab8179069c,
    type: 3}
  m_PrefabInstance: {fileID: 5525942732591565103}
  m_PrefabAsset: {fileID: 0}
--- !u!1001 &5984419729490951118
PrefabInstance:
  m_ObjectHideFlags: 0
  serializedVersion: 2
  m_Modification:
    m_TransformParent: {fileID: 4021517923525491650}
    m_Modifications:
    - target: {fileID: 1558617206662689468, guid: 3788f56536016fc4f83f5bab8179069c,
        type: 3}
      propertyPath: m_Name
      value: PipeAngleSegment (1)
      objectReference: {fileID: 0}
    - target: {fileID: 2227736709473282054, guid: 3788f56536016fc4f83f5bab8179069c,
        type: 3}
      propertyPath: m_RootOrder
      value: 6
      objectReference: {fileID: 0}
    - target: {fileID: 2227736709473282054, guid: 3788f56536016fc4f83f5bab8179069c,
        type: 3}
      propertyPath: m_LocalPosition.x
      value: -5.1
      objectReference: {fileID: 0}
    - target: {fileID: 2227736709473282054, guid: 3788f56536016fc4f83f5bab8179069c,
        type: 3}
      propertyPath: m_LocalPosition.y
      value: 0
      objectReference: {fileID: 0}
    - target: {fileID: 2227736709473282054, guid: 3788f56536016fc4f83f5bab8179069c,
        type: 3}
      propertyPath: m_LocalPosition.z
      value: -10.359
      objectReference: {fileID: 0}
    - target: {fileID: 2227736709473282054, guid: 3788f56536016fc4f83f5bab8179069c,
        type: 3}
      propertyPath: m_LocalRotation.w
      value: 0
      objectReference: {fileID: 0}
    - target: {fileID: 2227736709473282054, guid: 3788f56536016fc4f83f5bab8179069c,
        type: 3}
      propertyPath: m_LocalRotation.x
      value: 0.7071068
      objectReference: {fileID: 0}
    - target: {fileID: 2227736709473282054, guid: 3788f56536016fc4f83f5bab8179069c,
        type: 3}
      propertyPath: m_LocalRotation.y
      value: -0
      objectReference: {fileID: 0}
    - target: {fileID: 2227736709473282054, guid: 3788f56536016fc4f83f5bab8179069c,
        type: 3}
      propertyPath: m_LocalRotation.z
      value: 0.7071068
      objectReference: {fileID: 0}
    - target: {fileID: 2227736709473282054, guid: 3788f56536016fc4f83f5bab8179069c,
        type: 3}
      propertyPath: m_LocalEulerAnglesHint.x
      value: 0
      objectReference: {fileID: 0}
    - target: {fileID: 2227736709473282054, guid: 3788f56536016fc4f83f5bab8179069c,
        type: 3}
      propertyPath: m_LocalEulerAnglesHint.y
      value: -270
      objectReference: {fileID: 0}
    - target: {fileID: 2227736709473282054, guid: 3788f56536016fc4f83f5bab8179069c,
        type: 3}
      propertyPath: m_LocalEulerAnglesHint.z
      value: -180
      objectReference: {fileID: 0}
    m_RemovedComponents: []
  m_SourcePrefab: {fileID: 100100000, guid: 3788f56536016fc4f83f5bab8179069c, type: 3}
--- !u!4 &5613293499310216136 stripped
Transform:
  m_CorrespondingSourceObject: {fileID: 2227736709473282054, guid: 3788f56536016fc4f83f5bab8179069c,
    type: 3}
  m_PrefabInstance: {fileID: 5984419729490951118}
  m_PrefabAsset: {fileID: 0}
--- !u!1001 &6412165456159981761
PrefabInstance:
  m_ObjectHideFlags: 0
  serializedVersion: 2
  m_Modification:
    m_TransformParent: {fileID: 4021517923525491650}
    m_Modifications:
    - target: {fileID: 6118860857842506673, guid: 50b24bb41b5c3a145bf3f09022f870e6,
        type: 3}
      propertyPath: m_Name
      value: PipeLongSegment
      objectReference: {fileID: 0}
    - target: {fileID: 6890893545005039883, guid: 50b24bb41b5c3a145bf3f09022f870e6,
        type: 3}
      propertyPath: m_RootOrder
      value: 0
      objectReference: {fileID: 0}
    - target: {fileID: 6890893545005039883, guid: 50b24bb41b5c3a145bf3f09022f870e6,
        type: 3}
      propertyPath: m_LocalPosition.x
      value: 0
      objectReference: {fileID: 0}
    - target: {fileID: 6890893545005039883, guid: 50b24bb41b5c3a145bf3f09022f870e6,
        type: 3}
      propertyPath: m_LocalPosition.y
      value: 0
      objectReference: {fileID: 0}
    - target: {fileID: 6890893545005039883, guid: 50b24bb41b5c3a145bf3f09022f870e6,
        type: 3}
      propertyPath: m_LocalPosition.z
      value: 0
      objectReference: {fileID: 0}
    - target: {fileID: 6890893545005039883, guid: 50b24bb41b5c3a145bf3f09022f870e6,
        type: 3}
      propertyPath: m_LocalRotation.w
      value: 1
      objectReference: {fileID: 0}
    - target: {fileID: 6890893545005039883, guid: 50b24bb41b5c3a145bf3f09022f870e6,
        type: 3}
      propertyPath: m_LocalRotation.x
      value: -0
      objectReference: {fileID: 0}
    - target: {fileID: 6890893545005039883, guid: 50b24bb41b5c3a145bf3f09022f870e6,
        type: 3}
      propertyPath: m_LocalRotation.y
      value: -0
      objectReference: {fileID: 0}
    - target: {fileID: 6890893545005039883, guid: 50b24bb41b5c3a145bf3f09022f870e6,
        type: 3}
      propertyPath: m_LocalRotation.z
      value: -0
      objectReference: {fileID: 0}
    - target: {fileID: 6890893545005039883, guid: 50b24bb41b5c3a145bf3f09022f870e6,
        type: 3}
      propertyPath: m_LocalEulerAnglesHint.x
      value: 0
      objectReference: {fileID: 0}
    - target: {fileID: 6890893545005039883, guid: 50b24bb41b5c3a145bf3f09022f870e6,
        type: 3}
      propertyPath: m_LocalEulerAnglesHint.y
      value: 0
      objectReference: {fileID: 0}
    - target: {fileID: 6890893545005039883, guid: 50b24bb41b5c3a145bf3f09022f870e6,
        type: 3}
      propertyPath: m_LocalEulerAnglesHint.z
      value: 0
      objectReference: {fileID: 0}
    m_RemovedComponents: []
  m_SourcePrefab: {fileID: 100100000, guid: 50b24bb41b5c3a145bf3f09022f870e6, type: 3}
--- !u!4 &530802059599708618 stripped
Transform:
  m_CorrespondingSourceObject: {fileID: 6890893545005039883, guid: 50b24bb41b5c3a145bf3f09022f870e6,
    type: 3}
  m_PrefabInstance: {fileID: 6412165456159981761}
  m_PrefabAsset: {fileID: 0}
--- !u!1001 &9191771192037213982
PrefabInstance:
  m_ObjectHideFlags: 0
  serializedVersion: 2
  m_Modification:
    m_TransformParent: {fileID: 4021517923525491650}
    m_Modifications:
    - target: {fileID: 6118860857842506673, guid: 50b24bb41b5c3a145bf3f09022f870e6,
        type: 3}
      propertyPath: m_Name
      value: PipeLongSegment (3)
      objectReference: {fileID: 0}
    - target: {fileID: 6890893545005039883, guid: 50b24bb41b5c3a145bf3f09022f870e6,
        type: 3}
      propertyPath: m_RootOrder
      value: 1
      objectReference: {fileID: 0}
    - target: {fileID: 6890893545005039883, guid: 50b24bb41b5c3a145bf3f09022f870e6,
        type: 3}
      propertyPath: m_LocalPosition.x
      value: 0
      objectReference: {fileID: 0}
    - target: {fileID: 6890893545005039883, guid: 50b24bb41b5c3a145bf3f09022f870e6,
        type: 3}
      propertyPath: m_LocalPosition.y
      value: 0
      objectReference: {fileID: 0}
    - target: {fileID: 6890893545005039883, guid: 50b24bb41b5c3a145bf3f09022f870e6,
        type: 3}
      propertyPath: m_LocalPosition.z
      value: 6.53
      objectReference: {fileID: 0}
    - target: {fileID: 6890893545005039883, guid: 50b24bb41b5c3a145bf3f09022f870e6,
        type: 3}
      propertyPath: m_LocalRotation.w
      value: 1
      objectReference: {fileID: 0}
    - target: {fileID: 6890893545005039883, guid: 50b24bb41b5c3a145bf3f09022f870e6,
        type: 3}
      propertyPath: m_LocalRotation.x
      value: -0
      objectReference: {fileID: 0}
    - target: {fileID: 6890893545005039883, guid: 50b24bb41b5c3a145bf3f09022f870e6,
        type: 3}
      propertyPath: m_LocalRotation.y
      value: -0
      objectReference: {fileID: 0}
    - target: {fileID: 6890893545005039883, guid: 50b24bb41b5c3a145bf3f09022f870e6,
        type: 3}
      propertyPath: m_LocalRotation.z
      value: -0
      objectReference: {fileID: 0}
    - target: {fileID: 6890893545005039883, guid: 50b24bb41b5c3a145bf3f09022f870e6,
        type: 3}
      propertyPath: m_LocalEulerAnglesHint.x
      value: 0
      objectReference: {fileID: 0}
    - target: {fileID: 6890893545005039883, guid: 50b24bb41b5c3a145bf3f09022f870e6,
        type: 3}
      propertyPath: m_LocalEulerAnglesHint.y
      value: 0
      objectReference: {fileID: 0}
    - target: {fileID: 6890893545005039883, guid: 50b24bb41b5c3a145bf3f09022f870e6,
        type: 3}
      propertyPath: m_LocalEulerAnglesHint.z
      value: 0
      objectReference: {fileID: 0}
    m_RemovedComponents: []
  m_SourcePrefab: {fileID: 100100000, guid: 50b24bb41b5c3a145bf3f09022f870e6, type: 3}
--- !u!4 &2319041656734795285 stripped
Transform:
  m_CorrespondingSourceObject: {fileID: 6890893545005039883, guid: 50b24bb41b5c3a145bf3f09022f870e6,
    type: 3}
  m_PrefabInstance: {fileID: 9191771192037213982}
  m_PrefabAsset: {fileID: 0}
