%YAML 1.1
%TAG !u! tag:unity3d.com,2011:
--- !u!1 &1227063444
GameObject:
  m_ObjectHideFlags: 0
  m_CorrespondingSourceObject: {fileID: 0}
  m_PrefabInstance: {fileID: 0}
  m_PrefabAsset: {fileID: 0}
  serializedVersion: 6
  m_Component:
  - component: {fileID: 1227063445}
  - component: {fileID: 1227063448}
  - component: {fileID: 1227063447}
  - component: {fileID: 1227063446}
  m_Layer: 0
  m_Name: Emitter (1)
  m_TagString: Untagged
  m_Icon: {fileID: 0}
  m_NavMeshLayer: 0
  m_StaticEditorFlags: 0
  m_IsActive: 1
--- !u!4 &1227063445
Transform:
  m_ObjectHideFlags: 0
  m_CorrespondingSourceObject: {fileID: 0}
  m_PrefabInstance: {fileID: 0}
  m_PrefabAsset: {fileID: 0}
  m_GameObject: {fileID: 1227063444}
  m_LocalRotation: {x: 0, y: 1, z: 0, w: 0}
  m_LocalPosition: {x: -1.29, y: 0, z: 0}
  m_LocalScale: {x: 1, y: 1, z: 1}
  m_Children: []
  m_Father: {fileID: 9062263439540545516}
  m_RootOrder: 1
  m_LocalEulerAnglesHint: {x: 0, y: 180, z: 0}
--- !u!114 &1227063448
MonoBehaviour:
  m_ObjectHideFlags: 0
  m_CorrespondingSourceObject: {fileID: 0}
  m_PrefabInstance: {fileID: 0}
  m_PrefabAsset: {fileID: 0}
  m_GameObject: {fileID: 1227063444}
  m_Enabled: 1
  m_EditorHideFlags: 0
  m_Script: {fileID: 11500000, guid: c8b45ebbf86be4df6b0e6cd933812af2, type: 3}
  m_Name: 
  m_EditorClassIdentifier: 
  render: 0
  shader: {fileID: 4800000, guid: 87908c483837f4df49e97fa1aa0dacda, type: 3}
  particleColor: {r: 0.4049326, g: 0.18222679, b: 0.990566, a: 1}
  radiusScale: 3
--- !u!114 &1227063447
MonoBehaviour:
  m_ObjectHideFlags: 0
  m_CorrespondingSourceObject: {fileID: 0}
  m_PrefabInstance: {fileID: 0}
  m_PrefabAsset: {fileID: 0}
  m_GameObject: {fileID: 1227063444}
  m_Enabled: 1
  m_EditorHideFlags: 0
  m_Script: {fileID: 11500000, guid: 78c37f4b1f0174c6ebfdf0e7b8af64a3, type: 3}
  m_Name: 
  m_EditorClassIdentifier: 
  m_CollisionMaterial: {fileID: 0}
  emitterBlueprint: {fileID: 11400000, guid: 5754c273f19e0445a86268d4ef5049e8, type: 2}
  fluidPhase: 2
  emissionMethod: 0
  minPoolSize: 0.5
  speed: 2
  lifespan: 4
  randomVelocity: 0
  useShapeColor: 1
  emitterShapes:
  - {fileID: 1227063446}
  life:
  - 4
  - 4
  - 4
  - 4
  - 4
  - 4
  - 4
  - 4
  - 4
  - 4
  - 4
  - 4
  - 4
  - 4
  - 4
  - 4
  - 4
  - 4
  - 4
  - 4
  - 4
  - 4
  - 4
  - 4
  - 4
  - 4
  - 4
  - 4
  - 4
  - 4
  - 4
  - 4
  - 4
  - 4
  - 4
  - 4
  - 4
  - 4
  - 4
  - 4
  - 4
  - 4
  - 4
  - 4
  - 4
  - 4
  - 4
  - 4
  - 4
  - 4
  - 4
  - 4
  - 4
  - 4
  - 4
  - 4
  - 4
  - 4
  - 4
  - 4
  - 4
  - 4
  - 4
  - 4
  - 4
  - 4
  - 4
  - 4
  - 4
  - 4
  - 4
  - 4
  - 4
  - 4
  - 4
  - 4
  - 4
  - 4
  - 4
  - 4
  - 4
  - 4
  - 4
  - 4
  - 4
  - 4
  - 4
  - 4
  - 4
  - 4
  - 4
  - 4
  - 4
  - 4
  - 4
  - 4
  - 4
  - 4
  - 4
  - 4
  - 4
  - 4
  - 4
  - 4
  - 4
  - 4
  - 4
  - 4
  - 4
  - 4
  - 4
  - 4
  - 4
  - 4
  - 4
  - 4
  - 4
  - 4
  - 4
  - 4
  - 4
  - 4
  - 4
  - 4
  - 4
  - 4
  - 4
  - 4
  - 4
  - 4
  - 4
  - 4
  - 4
  - 4
  - 4
  - 4
  - 4
  - 4
  - 4
  - 4
  - 4
  - 4
  - 4
  - 4
  - 4
  - 4
  - 4
  - 4
  - 4
  - 4
  - 4
  - 4
  - 4
  - 4
  - 4
  - 4
  - 4
  - 4
  - 4
  - 4
  - 4
  - 4
  - 4
  - 4
  - 4
  - 4
  - 4
  - 4
  - 4
  - 4
  - 4
  - 4
  - 4
  - 4
  - 4
  - 4
  - 4
  - 4
  - 4
  - 4
  - 4
  - 4
  - 4
  - 4
  - 4
  - 4
  - 4
  - 4
  - 4
  - 4
  - 4
  - 4
  - 4
  - 4
  - 4
  - 4
  - 4
  - 4
  - 4
  - 4
  - 4
  - 4
  - 4
  - 4
  - 4
  - 4
  - 4
  - 4
  - 4
  - 4
  - 4
  - 4
  - 4
  - 4
  - 4
  - 4
  - 4
  - 4
  - 4
  - 4
  - 4
  - 4
  - 4
  - 4
  - 4
  - 4
  - 4
  - 4
  - 4
  - 4
  - 4
  - 4
  - 4
  - 4
  - 4
  - 4
  - 4
  - 4
  - 4
  - 4
  - 4
  - 4
  - 4
  - 4
  - 4
  - 4
  - 4
  - 4
  - 4
  - 4
  - 4
  - 4
  - 4
  - 4
  - 4
  - 4
  - 4
  - 4
  - 4
  - 4
  - 4
  - 4
  - 4
  - 4
  - 4
  - 4
  - 4
  - 4
  - 4
  - 4
  - 4
  - 4
  - 4
  - 4
  - 4
  - 4
  - 4
  - 4
  - 4
  - 4
  - 4
  - 4
  - 4
  - 4
  - 4
  - 4
  - 4
  - 4
  - 4
  - 4
  - 4
  - 4
  - 4
  - 4
  - 4
  - 4
  - 4
  - 4
  - 4
  - 4
  - 4
  - 4
  - 4
  - 4
  - 4
  - 4
  - 4
  - 4
  - 4
  - 4
  - 4
  - 4
  - 4
  - 4
  - 4
  - 4
  - 4
  - 4
  - 4
  - 4
  - 4
  - 4
  - 4
  - 4
  - 4
  - 4
  - 4
  - 4
  - 4
  - 4
  - 4
  - 4
  - 4
  - 4
  - 4
  - 4
  - 4
  - 4
  - 4
  - 4
  - 4
  - 4
  - 4
  - 4
  - 4
  - 4
  - 4
  - 4
  - 4
  - 4
  - 4
  - 4
  - 4
  - 4
  - 4
  - 4
  - 4
  - 4
  - 4
  - 4
  - 4
  - 4
  - 4
  - 4
  - 4
  - 4
  - 4
  - 4
  - 4
  - 4
  - 4
  - 4
  - 4
  - 4
  - 4
  - 4
  - 4
  - 4
  - 4
  - 4
  - 4
  - 4
  - 4
  - 4
  - 4
  - 4
  - 4
  - 4
  - 4
  - 4
  - 4
  - 4
  - 4
  - 4
  - 4
  - 4
  - 4
  - 4
  - 4
  - 4
  - 4
  - 4
  - 4
  - 4
  - 4
  - 4
  - 4
  - 4
  - 4
  - 4
  - 4
  - 4
  - 4
  - 4
  - 4
  - 4
  - 4
  - 4
  - 4
  - 4
  - 4
  - 4
  - 4
  - 4
  - 4
  - 4
  - 4
  - 4
  - 4
  - 4
  - 4
  - 4
  - 4
  - 4
  - 4
  - 4
  - 4
  - 4
  - 4
  - 4
  - 4
  - 4
  - 4
  - 4
  - 4
  - 4
  - 4
  - 4
  - 4
  - 4
  - 4
  - 4
  - 4
  - 4
  - 4
  - 4
  - 4
  - 4
  - 4
  - 4
  - 4
  - 4
  - 4
  - 4
  - 4
  - 4
  - 4
  - 4
  - 4
  - 4
  - 4
  - 4
  - 4
  - 4
  - 4
  - 4
  - 4
  - 4
  - 4
  - 4
  - 4
  - 4
  - 4
  - 4
  - 4
  - 4
  - 4
  - 4
  - 4
  - 4
  - 4
  - 4
  - 4
  - 4
  - 4
  - 4
  - 4
  - 4
  - 4
  - 4
--- !u!114 &1227063446
MonoBehaviour:
  m_ObjectHideFlags: 0
  m_CorrespondingSourceObject: {fileID: 0}
  m_PrefabInstance: {fileID: 0}
  m_PrefabAsset: {fileID: 0}
  m_GameObject: {fileID: 1227063444}
  m_Enabled: 1
  m_EditorHideFlags: 0
  m_Script: {fileID: 11500000, guid: 748587b7cb89947cdb69eed6554256f6, type: 3}
  m_Name: 
  m_EditorClassIdentifier: 
  emitter: {fileID: 1227063447}
  color: {r: 1, g: 1, b: 1, a: 1}
  particleSize: 0.07937005
  distribution:
  - position: {x: -0.25, y: 0, z: 0}
    velocity: {x: 0, y: 0, z: 1}
    color: {r: 1, g: 1, b: 1, a: 1}
  - position: {x: -0.16062996, y: 0, z: 0}
    velocity: {x: 0, y: 0, z: 1}
    color: {r: 1, g: 1, b: 1, a: 1}
  - position: {x: -0.0712599, y: 0, z: 0}
    velocity: {x: 0, y: 0, z: 1}
    color: {r: 1, g: 1, b: 1, a: 1}
  - position: {x: 0.018110149, y: 0, z: 0}
    velocity: {x: 0, y: 0, z: 1}
    color: {r: 1, g: 1, b: 1, a: 1}
  - position: {x: 0.1074802, y: 0, z: 0}
    velocity: {x: 0, y: 0, z: 1}
    color: {r: 1, g: 1, b: 1, a: 1}
  - position: {x: 0.19685024, y: 0, z: 0}
    velocity: {x: 0, y: 0, z: 1}
    color: {r: 1, g: 1, b: 1, a: 1}
  lenght: 0.5
  radialVelocity: 0
--- !u!1 &9062263439251435554
GameObject:
  m_ObjectHideFlags: 0
  m_CorrespondingSourceObject: {fileID: 0}
  m_PrefabInstance: {fileID: 0}
  m_PrefabAsset: {fileID: 0}
  serializedVersion: 6
  m_Component:
  - component: {fileID: 9062263439251435557}
  - component: {fileID: 9062263439251435558}
  - component: {fileID: 9062263439251435556}
  - component: {fileID: 9062263439251435555}
  m_Layer: 0
  m_Name: Emitter
  m_TagString: Untagged
  m_Icon: {fileID: 0}
  m_NavMeshLayer: 0
  m_StaticEditorFlags: 0
  m_IsActive: 1
--- !u!4 &9062263439251435557
Transform:
  m_ObjectHideFlags: 0
  m_CorrespondingSourceObject: {fileID: 0}
  m_PrefabInstance: {fileID: 0}
  m_PrefabAsset: {fileID: 0}
  m_GameObject: {fileID: 9062263439251435554}
  m_LocalRotation: {x: 0, y: 1, z: 0, w: 0}
  m_LocalPosition: {x: 0, y: 0, z: 0}
  m_LocalScale: {x: 1, y: 1, z: 1}
  m_Children: []
  m_Father: {fileID: 9062263439540545516}
  m_RootOrder: 0
  m_LocalEulerAnglesHint: {x: 0, y: 180, z: 0}
--- !u!114 &9062263439251435558
MonoBehaviour:
  m_ObjectHideFlags: 0
  m_CorrespondingSourceObject: {fileID: 0}
  m_PrefabInstance: {fileID: 0}
  m_PrefabAsset: {fileID: 0}
  m_GameObject: {fileID: 9062263439251435554}
  m_Enabled: 1
  m_EditorHideFlags: 0
  m_Script: {fileID: 11500000, guid: c8b45ebbf86be4df6b0e6cd933812af2, type: 3}
  m_Name: 
  m_EditorClassIdentifier: 
  render: 0
  shader: {fileID: 4800000, guid: 87908c483837f4df49e97fa1aa0dacda, type: 3}
  particleColor: {r: 0.48551893, g: 1, b: 0.3820755, a: 1}
  radiusScale: 3
--- !u!114 &9062263439251435556
MonoBehaviour:
  m_ObjectHideFlags: 0
  m_CorrespondingSourceObject: {fileID: 0}
  m_PrefabInstance: {fileID: 0}
  m_PrefabAsset: {fileID: 0}
  m_GameObject: {fileID: 9062263439251435554}
  m_Enabled: 1
  m_EditorHideFlags: 0
  m_Script: {fileID: 11500000, guid: 78c37f4b1f0174c6ebfdf0e7b8af64a3, type: 3}
  m_Name: 
  m_EditorClassIdentifier: 
  m_CollisionMaterial: {fileID: 0}
  emitterBlueprint: {fileID: 11400000, guid: 5754c273f19e0445a86268d4ef5049e8, type: 2}
  fluidPhase: 3
  emissionMethod: 0
  minPoolSize: 0.5
  speed: 3
  lifespan: 4
  randomVelocity: 0
  useShapeColor: 1
  emitterShapes:
  - {fileID: 9062263439251435555}
  life:
  - 4
  - 4
  - 4
  - 4
  - 4
  - 4
  - 4
  - 4
  - 4
  - 4
  - 4
  - 4
  - 4
  - 4
  - 4
  - 4
  - 4
  - 4
  - 4
  - 4
  - 4
  - 4
  - 4
  - 4
  - 4
  - 4
  - 4
  - 4
  - 4
  - 4
  - 4
  - 4
  - 4
  - 4
  - 4
  - 4
  - 4
  - 4
  - 4
  - 4
  - 4
  - 4
  - 4
  - 4
  - 4
  - 4
  - 4
  - 4
  - 4
  - 4
  - 4
  - 4
  - 4
  - 4
  - 4
  - 4
  - 4
  - 4
  - 4
  - 4
  - 4
  - 4
  - 4
  - 4
  - 4
  - 4
  - 4
  - 4
  - 4
  - 4
  - 4
  - 4
  - 4
  - 4
  - 4
  - 4
  - 4
  - 4
  - 4
  - 4
  - 4
  - 4
  - 4
  - 4
  - 4
  - 4
  - 4
  - 4
  - 4
  - 4
  - 4
  - 4
  - 4
  - 4
  - 4
  - 4
  - 4
  - 4
  - 4
  - 4
  - 4
  - 4
  - 4
  - 4
  - 4
  - 4
  - 4
  - 4
  - 4
  - 4
  - 4
  - 4
  - 4
  - 4
  - 4
  - 4
  - 4
  - 4
  - 4
  - 4
  - 4
  - 4
  - 4
  - 4
  - 4
  - 4
  - 4
  - 4
  - 4
  - 4
  - 4
  - 4
  - 4
  - 4
  - 4
  - 4
  - 4
  - 4
  - 4
  - 4
  - 4
  - 4
  - 4
  - 4
  - 4
  - 4
  - 4
  - 4
  - 4
  - 4
  - 4
  - 4
  - 4
  - 4
  - 4
  - 4
  - 4
  - 4
  - 4
  - 4
  - 4
  - 4
  - 4
  - 4
  - 4
  - 4
  - 4
  - 4
  - 4
  - 4
  - 4
  - 4
  - 4
  - 4
  - 4
  - 4
  - 4
  - 4
  - 4
  - 4
  - 4
  - 4
  - 4
  - 4
  - 4
  - 4
  - 4
  - 4
  - 4
  - 4
  - 4
  - 4
  - 4
  - 4
  - 4
  - 4
  - 4
  - 4
  - 4
  - 4
  - 4
  - 4
  - 4
  - 4
  - 4
  - 4
  - 4
  - 4
  - 4
  - 4
  - 4
  - 4
  - 4
  - 4
  - 4
  - 4
  - 4
  - 4
  - 4
  - 4
  - 4
  - 4
  - 4
  - 4
  - 4
  - 4
  - 4
  - 4
  - 4
  - 4
  - 4
  - 4
  - 4
  - 4
  - 4
  - 4
  - 4
  - 4
  - 4
  - 4
  - 4
  - 4
  - 4
  - 4
  - 4
  - 4
  - 4
  - 4
  - 4
  - 4
  - 4
  - 4
  - 4
  - 4
  - 4
  - 4
  - 4
  - 4
  - 4
  - 4
  - 4
  - 4
  - 4
  - 4
  - 4
  - 4
  - 4
  - 4
  - 4
  - 4
  - 4
  - 4
  - 4
  - 4
  - 4
  - 4
  - 4
  - 4
  - 4
  - 4
  - 4
  - 4
  - 4
  - 4
  - 4
  - 4
  - 4
  - 4
  - 4
  - 4
  - 4
  - 4
  - 4
  - 4
  - 4
  - 4
  - 4
  - 4
  - 4
  - 4
  - 4
  - 4
  - 4
  - 4
  - 4
  - 4
  - 4
  - 4
  - 4
  - 4
  - 4
  - 4
  - 4
  - 4
  - 4
  - 4
  - 4
  - 4
  - 4
  - 4
  - 4
  - 4
  - 4
  - 4
  - 4
  - 4
  - 4
  - 4
  - 4
  - 4
  - 4
  - 4
  - 4
  - 4
  - 4
  - 4
  - 4
  - 4
  - 4
  - 4
  - 4
  - 4
  - 4
  - 4
  - 4
  - 4
  - 4
  - 4
  - 4
  - 4
  - 4
  - 4
  - 4
  - 4
  - 4
  - 4
  - 4
  - 4
  - 4
  - 4
  - 4
  - 4
  - 4
  - 4
  - 4
  - 4
  - 4
  - 4
  - 4
  - 4
  - 4
  - 4
  - 4
  - 4
  - 4
  - 4
  - 4
  - 4
  - 4
  - 4
  - 4
  - 4
  - 4
  - 4
  - 4
  - 4
  - 4
  - 4
  - 4
  - 4
  - 4
  - 4
  - 4
  - 4
  - 4
  - 4
  - 4
  - 4
  - 4
  - 4
  - 4
  - 4
  - 4
  - 4
  - 4
  - 4
  - 4
  - 4
  - 4
  - 4
  - 4
  - 4
  - 4
  - 4
  - 4
  - 4
  - 4
  - 4
  - 4
  - 4
  - 4
  - 4
  - 4
  - 4
  - 4
  - 4
  - 4
  - 4
  - 4
  - 4
  - 4
  - 4
  - 4
  - 4
  - 4
  - 4
  - 4
  - 4
  - 4
  - 4
  - 4
  - 4
  - 4
  - 4
  - 4
  - 4
  - 4
  - 4
  - 4
  - 4
  - 4
  - 4
  - 4
  - 4
  - 4
  - 4
  - 4
  - 4
  - 4
  - 4
  - 4
  - 4
  - 4
  - 4
  - 4
  - 4
  - 4
  - 4
  - 4
  - 4
  - 4
  - 4
  - 4
  - 4
  - 4
  - 4
  - 4
  - 4
  - 4
  - 4
  - 4
  - 4
  - 4
  - 4
  - 4
  - 4
  - 4
  - 4
  - 4
  - 4
  - 4
  - 4
  - 4
  - 4
  - 4
  - 4
  - 4
  - 4
  - 4
  - 4
--- !u!114 &9062263439251435555
MonoBehaviour:
  m_ObjectHideFlags: 0
  m_CorrespondingSourceObject: {fileID: 0}
  m_PrefabInstance: {fileID: 0}
  m_PrefabAsset: {fileID: 0}
  m_GameObject: {fileID: 9062263439251435554}
  m_Enabled: 1
  m_EditorHideFlags: 0
  m_Script: {fileID: 11500000, guid: 748587b7cb89947cdb69eed6554256f6, type: 3}
  m_Name: 
  m_EditorClassIdentifier: 
  emitter: {fileID: 9062263439251435556}
  color: {r: 1, g: 1, b: 1, a: 1}
  particleSize: 0.07937005
  distribution:
  - position: {x: -0.25, y: 0, z: 0}
    velocity: {x: 0, y: 0, z: 1}
    color: {r: 1, g: 1, b: 1, a: 1}
  - position: {x: -0.16062996, y: 0, z: 0}
    velocity: {x: 0, y: 0, z: 1}
    color: {r: 1, g: 1, b: 1, a: 1}
  - position: {x: -0.0712599, y: 0, z: 0}
    velocity: {x: 0, y: 0, z: 1}
    color: {r: 1, g: 1, b: 1, a: 1}
  - position: {x: 0.018110149, y: 0, z: 0}
    velocity: {x: 0, y: 0, z: 1}
    color: {r: 1, g: 1, b: 1, a: 1}
  - position: {x: 0.1074802, y: 0, z: 0}
    velocity: {x: 0, y: 0, z: 1}
    color: {r: 1, g: 1, b: 1, a: 1}
  - position: {x: 0.19685024, y: 0, z: 0}
    velocity: {x: 0, y: 0, z: 1}
    color: {r: 1, g: 1, b: 1, a: 1}
  lenght: 0.5
  radialVelocity: 0
--- !u!1 &9062263439540545514
GameObject:
  m_ObjectHideFlags: 0
  m_CorrespondingSourceObject: {fileID: 0}
  m_PrefabInstance: {fileID: 0}
  m_PrefabAsset: {fileID: 0}
  serializedVersion: 6
  m_Component:
  - component: {fileID: 9062263439540545516}
  - component: {fileID: 9062263439540545515}
  - component: {fileID: 9062263439540545517}
  m_Layer: 0
  m_Name: Solver
  m_TagString: Untagged
  m_Icon: {fileID: 0}
  m_NavMeshLayer: 0
  m_StaticEditorFlags: 0
  m_IsActive: 1
--- !u!4 &9062263439540545516
Transform:
  m_ObjectHideFlags: 0
  m_CorrespondingSourceObject: {fileID: 0}
  m_PrefabInstance: {fileID: 0}
  m_PrefabAsset: {fileID: 0}
  m_GameObject: {fileID: 9062263439540545514}
  m_LocalRotation: {x: 0, y: 0, z: 0, w: 1}
  m_LocalPosition: {x: 0, y: 0, z: 0}
  m_LocalScale: {x: 1, y: 1, z: 1}
  m_Children:
  - {fileID: 9062263439251435557}
  - {fileID: 1227063445}
  m_Father: {fileID: 0}
  m_RootOrder: 0
  m_LocalEulerAnglesHint: {x: 0, y: 0, z: 0}
--- !u!114 &9062263439540545515
MonoBehaviour:
  m_ObjectHideFlags: 0
  m_CorrespondingSourceObject: {fileID: 0}
  m_PrefabInstance: {fileID: 0}
  m_PrefabAsset: {fileID: 0}
  m_GameObject: {fileID: 9062263439540545514}
  m_Enabled: 1
  m_EditorHideFlags: 0
  m_Script: {fileID: 11500000, guid: 9d174fab52f0c4b8399f25d5c3ea524c, type: 3}
  m_Name: 
  m_EditorClassIdentifier: 
  simulateWhenInvisible: 1
  m_Backend: 0
  parameters:
    mode: 0
    interpolation: 0
    gravity: {x: 0, y: -4, z: 0}
    damping: 0
    shockPropagation: 0
    maxAnisotropy: 1
    maxDepenetration: 5
    sleepThreshold: 0
  worldLinearInertiaScale: 0
  worldAngularInertiaScale: 0
  distanceConstraintParameters:
    evaluationOrder: 0
    iterations: 2
    SORFactor: 1
    enabled: 0
  bendingConstraintParameters:
    evaluationOrder: 1
    iterations: 1
    SORFactor: 1
    enabled: 0
  particleCollisionConstraintParameters:
    evaluationOrder: 0
    iterations: 6
    SORFactor: 1
    enabled: 0
  particleFrictionConstraintParameters:
    evaluationOrder: 1
    iterations: 3
    SORFactor: 1
    enabled: 1
  collisionConstraintParameters:
    evaluationOrder: 0
    iterations: 2
    SORFactor: 1
    enabled: 1
  frictionConstraintParameters:
    evaluationOrder: 1
    iterations: 3
    SORFactor: 1
    enabled: 1
  skinConstraintParameters:
    evaluationOrder: 0
    iterations: 3
    SORFactor: 1
    enabled: 0
  volumeConstraintParameters:
    evaluationOrder: 1
    iterations: 3
    SORFactor: 1
    enabled: 0
  shapeMatchingConstraintParameters:
    evaluationOrder: 1
    iterations: 3
    SORFactor: 1
    enabled: 1
  tetherConstraintParameters:
    evaluationOrder: 1
    iterations: 2
    SORFactor: 1
    enabled: 0
  pinConstraintParameters:
    evaluationOrder: 1
    iterations: 3
    SORFactor: 1
    enabled: 0
  stitchConstraintParameters:
    evaluationOrder: 1
    iterations: 2
    SORFactor: 1
    enabled: 0
  densityConstraintParameters:
    evaluationOrder: 1
    iterations: 2
    SORFactor: 1
    enabled: 1
  stretchShearConstraintParameters:
    evaluationOrder: 0
    iterations: 3
    SORFactor: 1
    enabled: 1
  bendTwistConstraintParameters:
    evaluationOrder: 0
    iterations: 3
    SORFactor: 1
    enabled: 1
  chainConstraintParameters:
    evaluationOrder: 0
    iterations: 3
    SORFactor: 1
    enabled: 0
--- !u!114 &9062263439540545517
MonoBehaviour:
  m_ObjectHideFlags: 0
  m_CorrespondingSourceObject: {fileID: 0}
  m_PrefabInstance: {fileID: 0}
  m_PrefabAsset: {fileID: 0}
  m_GameObject: {fileID: 9062263439540545514}
  m_Enabled: 1
  m_EditorHideFlags: 0
  m_Script: {fileID: 11500000, guid: 1d9704d540ac448439a425526f6b2986, type: 3}
  m_Name: 
  m_EditorClassIdentifier: 
  solvers:
  - {fileID: 9062263439540545515}
  substepUnityPhysics: 0
  substeps: 1
