%YAML 1.1
%TAG !u! tag:unity3d.com,2011:
--- !u!29 &1
OcclusionCullingSettings:
  m_ObjectHideFlags: 0
  serializedVersion: 2
  m_OcclusionBakeSettings:
    smallestOccluder: 5
    smallestHole: 0.25
    backfaceThreshold: 100
  m_SceneGUID: 00000000000000000000000000000000
  m_OcclusionCullingData: {fileID: 0}
--- !u!104 &2
RenderSettings:
  m_ObjectHideFlags: 0
  serializedVersion: 9
  m_Fog: 0
  m_FogColor: {r: 0.5, g: 0.5, b: 0.5, a: 1}
  m_FogMode: 3
  m_FogDensity: 0.01
  m_LinearFogStart: 0
  m_LinearFogEnd: 300
  m_AmbientSkyColor: {r: 0.8391768, g: 0.7905838, b: 0.8867924, a: 1}
  m_AmbientEquatorColor: {r: 0.114, g: 0.125, b: 0.133, a: 1}
  m_AmbientGroundColor: {r: 0.047, g: 0.043, b: 0.035, a: 1}
  m_AmbientIntensity: 1
  m_AmbientMode: 3
  m_SubtractiveShadowColor: {r: 0.42, g: 0.478, b: 0.627, a: 1}
  m_SkyboxMaterial: {fileID: 2100000, guid: 0f7cb15603d7fa64a9bf65f122f8d0c1, type: 2}
  m_HaloStrength: 0.5
  m_FlareStrength: 1
  m_FlareFadeSpeed: 3
  m_HaloTexture: {fileID: 0}
  m_SpotCookie: {fileID: 10001, guid: 0000000000000000e000000000000000, type: 0}
  m_DefaultReflectionMode: 0
  m_DefaultReflectionResolution: 128
  m_ReflectionBounces: 1
  m_ReflectionIntensity: 1
  m_CustomReflection: {fileID: 0}
  m_Sun: {fileID: 0}
  m_IndirectSpecularColor: {r: 0.47168094, g: 0.4228509, b: 0.5634774, a: 1}
  m_UseRadianceAmbientProbe: 0
--- !u!157 &3
LightmapSettings:
  m_ObjectHideFlags: 0
  serializedVersion: 11
  m_GIWorkflowMode: 1
  m_GISettings:
    serializedVersion: 2
    m_BounceScale: 1
    m_IndirectOutputScale: 1
    m_AlbedoBoost: 1
    m_EnvironmentLightingMode: 0
    m_EnableBakedLightmaps: 1
    m_EnableRealtimeLightmaps: 0
  m_LightmapEditorSettings:
    serializedVersion: 12
    m_Resolution: 2
    m_BakeResolution: 40
    m_AtlasSize: 1024
    m_AO: 0
    m_AOMaxDistance: 1
    m_CompAOExponent: 1
    m_CompAOExponentDirect: 0
    m_ExtractAmbientOcclusion: 0
    m_Padding: 2
    m_LightmapParameters: {fileID: 0}
    m_LightmapsBakeMode: 1
    m_TextureCompression: 1
    m_FinalGather: 0
    m_FinalGatherFiltering: 1
    m_FinalGatherRayCount: 256
    m_ReflectionCompression: 2
    m_MixedBakeMode: 2
    m_BakeBackend: 2
    m_PVRSampling: 1
    m_PVRDirectSampleCount: 32
    m_PVRSampleCount: 512
    m_PVRBounces: 2
    m_PVREnvironmentSampleCount: 256
    m_PVREnvironmentReferencePointCount: 2048
    m_PVRFilteringMode: 1
    m_PVRDenoiserTypeDirect: 1
    m_PVRDenoiserTypeIndirect: 1
    m_PVRDenoiserTypeAO: 1
    m_PVRFilterTypeDirect: 0
    m_PVRFilterTypeIndirect: 0
    m_PVRFilterTypeAO: 0
    m_PVREnvironmentMIS: 1
    m_PVRCulling: 1
    m_PVRFilteringGaussRadiusDirect: 1
    m_PVRFilteringGaussRadiusIndirect: 5
    m_PVRFilteringGaussRadiusAO: 2
    m_PVRFilteringAtrousPositionSigmaDirect: 0.5
    m_PVRFilteringAtrousPositionSigmaIndirect: 2
    m_PVRFilteringAtrousPositionSigmaAO: 1
    m_ExportTrainingData: 0
    m_TrainingDataDestination: TrainingData
    m_LightProbeSampleCountMultiplier: 4
  m_LightingDataAsset: {fileID: 112000000, guid: 111c409f07af420439d7c517b569140b,
    type: 2}
  m_UseShadowmask: 1
--- !u!196 &4
NavMeshSettings:
  serializedVersion: 2
  m_ObjectHideFlags: 0
  m_BuildSettings:
    serializedVersion: 2
    agentTypeID: 0
    agentRadius: 0.5
    agentHeight: 2
    agentSlope: 45
    agentClimb: 0.4
    ledgeDropHeight: 0
    maxJumpAcrossDistance: 0
    minRegionArea: 2
    manualCellSize: 0
    cellSize: 0.16666667
    manualTileSize: 0
    tileSize: 256
    accuratePlacement: 0
    debug:
      m_Flags: 0
  m_NavMeshData: {fileID: 0}
--- !u!4 &530818444 stripped
Transform:
  m_CorrespondingSourceObject: {fileID: 1491374669743973791, guid: 0d3874516b22e4541a60036eeb15f179,
    type: 3}
  m_PrefabInstance: {fileID: 638859420}
  m_PrefabAsset: {fileID: 0}
--- !u!1001 &638859420
PrefabInstance:
  m_ObjectHideFlags: 0
  serializedVersion: 2
  m_Modification:
    m_TransformParent: {fileID: 9013357836300814258}
    m_Modifications:
    - target: {fileID: 1491374669743973791, guid: 0d3874516b22e4541a60036eeb15f179,
        type: 3}
      propertyPath: m_LocalPosition.x
      value: -0.142
      objectReference: {fileID: 0}
    - target: {fileID: 1491374669743973791, guid: 0d3874516b22e4541a60036eeb15f179,
        type: 3}
      propertyPath: m_LocalPosition.y
      value: -0.069
      objectReference: {fileID: 0}
    - target: {fileID: 1491374669743973791, guid: 0d3874516b22e4541a60036eeb15f179,
        type: 3}
      propertyPath: m_LocalPosition.z
      value: 1.57
      objectReference: {fileID: 0}
    - target: {fileID: 1491374669743973791, guid: 0d3874516b22e4541a60036eeb15f179,
        type: 3}
      propertyPath: m_LocalRotation.x
      value: -0.7071068
      objectReference: {fileID: 0}
    - target: {fileID: 1491374669743973791, guid: 0d3874516b22e4541a60036eeb15f179,
        type: 3}
      propertyPath: m_LocalRotation.y
      value: -0
      objectReference: {fileID: 0}
    - target: {fileID: 1491374669743973791, guid: 0d3874516b22e4541a60036eeb15f179,
        type: 3}
      propertyPath: m_LocalRotation.z
      value: 0
      objectReference: {fileID: 0}
    - target: {fileID: 1491374669743973791, guid: 0d3874516b22e4541a60036eeb15f179,
        type: 3}
      propertyPath: m_LocalRotation.w
      value: -0.70710677
      objectReference: {fileID: 0}
    - target: {fileID: 1491374669743973791, guid: 0d3874516b22e4541a60036eeb15f179,
        type: 3}
      propertyPath: m_RootOrder
      value: 0
      objectReference: {fileID: 0}
    - target: {fileID: 1491374669743973791, guid: 0d3874516b22e4541a60036eeb15f179,
        type: 3}
      propertyPath: m_LocalEulerAnglesHint.x
      value: 90.00001
      objectReference: {fileID: 0}
    - target: {fileID: 1491374669743973791, guid: 0d3874516b22e4541a60036eeb15f179,
        type: 3}
      propertyPath: m_LocalEulerAnglesHint.y
      value: 0
      objectReference: {fileID: 0}
    - target: {fileID: 1491374669743973791, guid: 0d3874516b22e4541a60036eeb15f179,
        type: 3}
      propertyPath: m_LocalEulerAnglesHint.z
      value: 360
      objectReference: {fileID: 0}
    - target: {fileID: 1491374669743973791, guid: 0d3874516b22e4541a60036eeb15f179,
        type: 3}
      propertyPath: m_LocalScale.y
      value: 0.469629
      objectReference: {fileID: 0}
    - target: {fileID: 2867382788326865849, guid: 0d3874516b22e4541a60036eeb15f179,
        type: 3}
      propertyPath: m_Name
      value: FakeShadowSprite
      objectReference: {fileID: 0}
    - target: {fileID: 4164581253703295846, guid: 0d3874516b22e4541a60036eeb15f179,
        type: 3}
      propertyPath: m_Color.r
      value: 0.5254902
      objectReference: {fileID: 0}
    - target: {fileID: 4164581253703295846, guid: 0d3874516b22e4541a60036eeb15f179,
        type: 3}
      propertyPath: m_Color.g
      value: 0.80784315
      objectReference: {fileID: 0}
    - target: {fileID: 4164581253703295846, guid: 0d3874516b22e4541a60036eeb15f179,
        type: 3}
      propertyPath: m_Color.b
      value: 0.8078431
      objectReference: {fileID: 0}
    m_RemovedComponents: []
  m_SourcePrefab: {fileID: 100100000, guid: 0d3874516b22e4541a60036eeb15f179, type: 3}
--- !u!1 &764232626
GameObject:
  m_ObjectHideFlags: 0
  m_CorrespondingSourceObject: {fileID: 0}
  m_PrefabInstance: {fileID: 0}
  m_PrefabAsset: {fileID: 0}
  serializedVersion: 6
  m_Component:
  - component: {fileID: 764232628}
  - component: {fileID: 764232627}
  m_Layer: 0
  m_Name: Directional Light
  m_TagString: Untagged
  m_Icon: {fileID: 0}
  m_NavMeshLayer: 0
  m_StaticEditorFlags: 0
  m_IsActive: 1
--- !u!108 &764232627
Light:
  m_ObjectHideFlags: 0
  m_CorrespondingSourceObject: {fileID: 0}
  m_PrefabInstance: {fileID: 0}
  m_PrefabAsset: {fileID: 0}
  m_GameObject: {fileID: 764232626}
  m_Enabled: 1
  serializedVersion: 10
  m_Type: 1
  m_Shape: 0
  m_Color: {r: 0.8232467, g: 0.9329418, b: 0.9433962, a: 1}
  m_Intensity: 0.5
  m_Range: 10
  m_SpotAngle: 30
  m_InnerSpotAngle: 21.80208
  m_CookieSize: 10
  m_Shadows:
    m_Type: 2
    m_Resolution: -1
    m_CustomResolution: -1
    m_Strength: 1
    m_Bias: 0.05
    m_NormalBias: 0.4
    m_NearPlane: 0.2
    m_CullingMatrixOverride:
      e00: 1
      e01: 0
      e02: 0
      e03: 0
      e10: 0
      e11: 1
      e12: 0
      e13: 0
      e20: 0
      e21: 0
      e22: 1
      e23: 0
      e30: 0
      e31: 0
      e32: 0
      e33: 1
    m_UseCullingMatrixOverride: 0
  m_Cookie: {fileID: 0}
  m_DrawHalo: 0
  m_Flare: {fileID: 0}
  m_RenderMode: 0
  m_CullingMask:
    serializedVersion: 2
    m_Bits: 4294967295
  m_RenderingLayerMask: 1
  m_Lightmapping: 1
  m_LightShadowCasterMode: 0
  m_AreaSize: {x: 1, y: 1}
  m_BounceIntensity: 1
  m_ColorTemperature: 6570
  m_UseColorTemperature: 0
  m_BoundingSphereOverride: {x: 0, y: 0, z: 0, w: 0}
  m_UseBoundingSphereOverride: 0
  m_ShadowRadius: 0
  m_ShadowAngle: 0
--- !u!4 &764232628
Transform:
  m_ObjectHideFlags: 0
  m_CorrespondingSourceObject: {fileID: 0}
  m_PrefabInstance: {fileID: 0}
  m_PrefabAsset: {fileID: 0}
  m_GameObject: {fileID: 764232626}
  m_LocalRotation: {x: -0.5086902, y: -0.3052514, z: 0.19889303, w: -0.78006256}
  m_LocalPosition: {x: -11.879768, y: 18.231585, z: -13.867333}
  m_LocalScale: {x: 1, y: 1, z: 1}
  m_Children: []
  m_Father: {fileID: 0}
  m_RootOrder: 0
  m_LocalEulerAnglesHint: {x: 50, y: -30, z: 0}
--- !u!1001 &971841334
PrefabInstance:
  m_ObjectHideFlags: 0
  serializedVersion: 2
  m_Modification:
    m_TransformParent: {fileID: 0}
    m_Modifications:
    - target: {fileID: 828168852130397369, guid: c0ff24063bd33cf42a035996f5991d6a,
        type: 3}
      propertyPath: m_Name
      value: Main Camera
      objectReference: {fileID: 0}
    - target: {fileID: 828168852130397369, guid: c0ff24063bd33cf42a035996f5991d6a,
        type: 3}
      propertyPath: m_Layer
      value: 10
      objectReference: {fileID: 0}
    - target: {fileID: 828168852130397372, guid: c0ff24063bd33cf42a035996f5991d6a,
        type: 3}
      propertyPath: m_LocalPosition.x
      value: 0.05
      objectReference: {fileID: 0}
    - target: {fileID: 828168852130397372, guid: c0ff24063bd33cf42a035996f5991d6a,
        type: 3}
      propertyPath: m_LocalPosition.y
      value: 8.24
      objectReference: {fileID: 0}
    - target: {fileID: 828168852130397372, guid: c0ff24063bd33cf42a035996f5991d6a,
        type: 3}
      propertyPath: m_LocalPosition.z
      value: -5.96
      objectReference: {fileID: 0}
    - target: {fileID: 828168852130397372, guid: c0ff24063bd33cf42a035996f5991d6a,
        type: 3}
      propertyPath: m_LocalRotation.x
      value: 0.38268343
      objectReference: {fileID: 0}
    - target: {fileID: 828168852130397372, guid: c0ff24063bd33cf42a035996f5991d6a,
        type: 3}
      propertyPath: m_LocalRotation.y
      value: 0
      objectReference: {fileID: 0}
    - target: {fileID: 828168852130397372, guid: c0ff24063bd33cf42a035996f5991d6a,
        type: 3}
      propertyPath: m_LocalRotation.z
      value: 0
      objectReference: {fileID: 0}
    - target: {fileID: 828168852130397372, guid: c0ff24063bd33cf42a035996f5991d6a,
        type: 3}
      propertyPath: m_LocalRotation.w
      value: 0.92387956
      objectReference: {fileID: 0}
    - target: {fileID: 828168852130397372, guid: c0ff24063bd33cf42a035996f5991d6a,
        type: 3}
      propertyPath: m_RootOrder
      value: 4
      objectReference: {fileID: 0}
    - target: {fileID: 828168852130397372, guid: c0ff24063bd33cf42a035996f5991d6a,
        type: 3}
      propertyPath: m_LocalEulerAnglesHint.x
      value: 45
      objectReference: {fileID: 0}
    - target: {fileID: 828168852130397372, guid: c0ff24063bd33cf42a035996f5991d6a,
        type: 3}
      propertyPath: m_LocalEulerAnglesHint.y
      value: 0
      objectReference: {fileID: 0}
    - target: {fileID: 828168852130397372, guid: c0ff24063bd33cf42a035996f5991d6a,
        type: 3}
      propertyPath: m_LocalEulerAnglesHint.z
      value: 0
      objectReference: {fileID: 0}
    - target: {fileID: 828168852130397373, guid: c0ff24063bd33cf42a035996f5991d6a,
        type: 3}
      propertyPath: particleRenderers.Array.size
      value: 1
      objectReference: {fileID: 0}
    - target: {fileID: 828168852130397373, guid: c0ff24063bd33cf42a035996f5991d6a,
        type: 3}
      propertyPath: particleRenderers.Array.data[0]
      value: 
      objectReference: {fileID: 1642967171402573584}
    m_RemovedComponents: []
  m_SourcePrefab: {fileID: 100100000, guid: c0ff24063bd33cf42a035996f5991d6a, type: 3}
--- !u!1 &1030638675
GameObject:
  m_ObjectHideFlags: 0
  m_CorrespondingSourceObject: {fileID: 0}
  m_PrefabInstance: {fileID: 0}
  m_PrefabAsset: {fileID: 0}
  serializedVersion: 6
  m_Component:
  - component: {fileID: 1030638677}
  - component: {fileID: 1030638676}
  m_Layer: 0
  m_Name: OniCollisionWorld
  m_TagString: Untagged
  m_Icon: {fileID: 0}
  m_NavMeshLayer: 0
  m_StaticEditorFlags: 0
  m_IsActive: 1
--- !u!114 &1030638676
MonoBehaviour:
  m_ObjectHideFlags: 0
  m_CorrespondingSourceObject: {fileID: 0}
  m_PrefabInstance: {fileID: 0}
  m_PrefabAsset: {fileID: 0}
  m_GameObject: {fileID: 1030638675}
  m_Enabled: 1
  m_EditorHideFlags: 0
  m_Script: {fileID: 11500000, guid: d02d25c24c8574316883c920912e4fdb, type: 3}
  m_Name: 
  m_EditorClassIdentifier: 
--- !u!4 &1030638677
Transform:
  m_ObjectHideFlags: 0
  m_CorrespondingSourceObject: {fileID: 0}
  m_PrefabInstance: {fileID: 0}
  m_PrefabAsset: {fileID: 0}
  m_GameObject: {fileID: 1030638675}
  m_LocalRotation: {x: 0, y: 0, z: 0, w: 1}
  m_LocalPosition: {x: 0, y: 0, z: 0}
  m_LocalScale: {x: 1, y: 1, z: 1}
  m_Children: []
  m_Father: {fileID: 0}
  m_RootOrder: 7
  m_LocalEulerAnglesHint: {x: 0, y: 0, z: 0}
--- !u!1 &1063308269 stripped
GameObject:
  m_CorrespondingSourceObject: {fileID: 828168852130397369, guid: c0ff24063bd33cf42a035996f5991d6a,
    type: 3}
  m_PrefabInstance: {fileID: 971841334}
  m_PrefabAsset: {fileID: 0}
--- !u!4 &1063308273 stripped
Transform:
  m_CorrespondingSourceObject: {fileID: 828168852130397372, guid: c0ff24063bd33cf42a035996f5991d6a,
    type: 3}
  m_PrefabInstance: {fileID: 971841334}
  m_PrefabAsset: {fileID: 0}
--- !u!114 &1063308274
MonoBehaviour:
  m_ObjectHideFlags: 0
  m_CorrespondingSourceObject: {fileID: 0}
  m_PrefabInstance: {fileID: 0}
  m_PrefabAsset: {fileID: 0}
  m_GameObject: {fileID: 1063308269}
  m_Enabled: 1
  m_EditorHideFlags: 0
  m_Script: {fileID: 11500000, guid: 948f4100a11a5c24981795d21301da5c, type: 3}
  m_Name: 
  m_EditorClassIdentifier: 
  volumeTrigger: {fileID: 1063308273}
  volumeLayer:
    serializedVersion: 2
    m_Bits: 1024
  stopNaNPropagation: 1
  finalBlitToCameraTarget: 0
  antialiasingMode: 1
  temporalAntialiasing:
    jitterSpread: 0.75
    sharpness: 0.25
    stationaryBlending: 0.95
    motionBlending: 0.85
  subpixelMorphologicalAntialiasing:
    quality: 2
  fastApproximateAntialiasing:
    fastMode: 0
    keepAlpha: 0
  fog:
    enabled: 1
    excludeSkybox: 1
  debugLayer:
    lightMeter:
      width: 512
      height: 256
      showCurves: 1
    histogram:
      width: 512
      height: 256
      channel: 3
    waveform:
      exposure: 0.12
      height: 256
    vectorscope:
      size: 256
      exposure: 0.12
    overlaySettings:
      linearDepth: 0
      motionColorIntensity: 4
      motionGridSize: 64
      colorBlindnessType: 0
      colorBlindnessStrength: 1
  m_Resources: {fileID: 11400000, guid: d82512f9c8e5d4a4d938b575d47f88d4, type: 2}
  m_ShowToolkit: 0
  m_ShowCustomSorter: 0
  breakBeforeColorGrading: 0
  m_BeforeTransparentBundles: []
  m_BeforeStackBundles: []
  m_AfterStackBundles: []
--- !u!114 &1063308275
MonoBehaviour:
  m_ObjectHideFlags: 0
  m_CorrespondingSourceObject: {fileID: 0}
  m_PrefabInstance: {fileID: 0}
  m_PrefabAsset: {fileID: 0}
  m_GameObject: {fileID: 1063308269}
  m_Enabled: 1
  m_EditorHideFlags: 0
  m_Script: {fileID: 11500000, guid: 8b9a305e18de0c04dbd257a21cd47087, type: 3}
  m_Name: 
  m_EditorClassIdentifier: 
  sharedProfile: {fileID: 11400000, guid: d6f04adadfd6e4446b6fc6541093f33f, type: 2}
  isGlobal: 1
  blendDistance: 0
  weight: 1
  priority: 0
--- !u!1 &1148963716
GameObject:
  m_ObjectHideFlags: 0
  m_CorrespondingSourceObject: {fileID: 0}
  m_PrefabInstance: {fileID: 0}
  m_PrefabAsset: {fileID: 0}
  serializedVersion: 6
  m_Component:
  - component: {fileID: 1148963717}
  - component: {fileID: 1148963721}
  - component: {fileID: 1148963720}
  - component: {fileID: 1148963719}
  - component: {fileID: 1148963718}
  m_Layer: 0
  m_Name: Cube
  m_TagString: Untagged
  m_Icon: {fileID: 0}
  m_NavMeshLayer: 0
  m_StaticEditorFlags: 0
  m_IsActive: 1
--- !u!4 &1148963717
Transform:
  m_ObjectHideFlags: 0
  m_CorrespondingSourceObject: {fileID: 0}
  m_PrefabInstance: {fileID: 0}
  m_PrefabAsset: {fileID: 0}
  m_GameObject: {fileID: 1148963716}
  m_LocalRotation: {x: -0, y: -0.29975653, z: -0, w: 0.95401573}
  m_LocalPosition: {x: -0.91, y: -0.13, z: 3.74}
  m_LocalScale: {x: 7.5304537, y: 0.35321, z: 6.2003837}
  m_Children: []
  m_Father: {fileID: 543450652633620575}
  m_RootOrder: 0
  m_LocalEulerAnglesHint: {x: 0, y: -34.886, z: 0}
--- !u!114 &1148963718
MonoBehaviour:
  m_ObjectHideFlags: 0
  m_CorrespondingSourceObject: {fileID: 0}
  m_PrefabInstance: {fileID: 0}
  m_PrefabAsset: {fileID: 0}
  m_GameObject: {fileID: 1148963716}
  m_Enabled: 1
  m_EditorHideFlags: 0
  m_Script: {fileID: 11500000, guid: 6757b231cedd544c583ef8aeaf773b2a, type: 3}
  m_Name: 
  m_EditorClassIdentifier: 
  material: {fileID: 0}
  phase: 0
  thickness: 0
  m_SourceCollider: {fileID: 1148963719}
  m_DistanceField: {fileID: 0}
--- !u!65 &1148963719
BoxCollider:
  m_ObjectHideFlags: 0
  m_CorrespondingSourceObject: {fileID: 0}
  m_PrefabInstance: {fileID: 0}
  m_PrefabAsset: {fileID: 0}
  m_GameObject: {fileID: 1148963716}
  m_Material: {fileID: 0}
  m_IsTrigger: 0
  m_Enabled: 1
  serializedVersion: 2
  m_Size: {x: 1, y: 1, z: 1}
  m_Center: {x: 0, y: 0, z: 0}
--- !u!23 &1148963720
MeshRenderer:
  m_ObjectHideFlags: 0
  m_CorrespondingSourceObject: {fileID: 0}
  m_PrefabInstance: {fileID: 0}
  m_PrefabAsset: {fileID: 0}
  m_GameObject: {fileID: 1148963716}
  m_Enabled: 0
  m_CastShadows: 1
  m_ReceiveShadows: 1
  m_DynamicOccludee: 1
  m_MotionVectors: 1
  m_LightProbeUsage: 1
  m_ReflectionProbeUsage: 1
  m_RayTracingMode: 2
  m_RenderingLayerMask: 1
  m_RendererPriority: 0
  m_Materials:
  - {fileID: 10303, guid: 0000000000000000f000000000000000, type: 0}
  m_StaticBatchInfo:
    firstSubMesh: 0
    subMeshCount: 0
  m_StaticBatchRoot: {fileID: 0}
  m_ProbeAnchor: {fileID: 0}
  m_LightProbeVolumeOverride: {fileID: 0}
  m_ScaleInLightmap: 1
  m_ReceiveGI: 1
  m_PreserveUVs: 0
  m_IgnoreNormalsForChartDetection: 0
  m_ImportantGI: 0
  m_StitchLightmapSeams: 1
  m_SelectedEditorRenderState: 3
  m_MinimumChartSize: 4
  m_AutoUVMaxDistance: 0.5
  m_AutoUVMaxAngle: 89
  m_LightmapParameters: {fileID: 0}
  m_SortingLayerID: 0
  m_SortingLayer: 0
  m_SortingOrder: 0
--- !u!33 &1148963721
MeshFilter:
  m_ObjectHideFlags: 0
  m_CorrespondingSourceObject: {fileID: 0}
  m_PrefabInstance: {fileID: 0}
  m_PrefabAsset: {fileID: 0}
  m_GameObject: {fileID: 1148963716}
  m_Mesh: {fileID: 10202, guid: 0000000000000000e000000000000000, type: 0}
--- !u!1 &1423270686
GameObject:
  m_ObjectHideFlags: 0
  m_CorrespondingSourceObject: {fileID: 0}
  m_PrefabInstance: {fileID: 0}
  m_PrefabAsset: {fileID: 0}
  serializedVersion: 6
  m_Component:
  - component: {fileID: 1423270687}
  - component: {fileID: 1423270691}
  - component: {fileID: 1423270690}
  - component: {fileID: 1423270689}
  - component: {fileID: 1423270688}
  m_Layer: 0
  m_Name: Cube (1)
  m_TagString: Untagged
  m_Icon: {fileID: 0}
  m_NavMeshLayer: 0
  m_StaticEditorFlags: 0
  m_IsActive: 1
--- !u!4 &1423270687
Transform:
  m_ObjectHideFlags: 0
  m_CorrespondingSourceObject: {fileID: 0}
  m_PrefabInstance: {fileID: 0}
  m_PrefabAsset: {fileID: 0}
  m_GameObject: {fileID: 1423270686}
  m_LocalRotation: {x: -0, y: -0.29975653, z: -0, w: 0.95401573}
  m_LocalPosition: {x: 4.47, y: -0.13, z: 0.9}
  m_LocalScale: {x: 7.5304537, y: 0.35321, z: 6.2003837}
  m_Children: []
  m_Father: {fileID: 543450652633620575}
  m_RootOrder: 1
  m_LocalEulerAnglesHint: {x: 0, y: -34.886, z: 0}
--- !u!114 &1423270688
MonoBehaviour:
  m_ObjectHideFlags: 0
  m_CorrespondingSourceObject: {fileID: 0}
  m_PrefabInstance: {fileID: 0}
  m_PrefabAsset: {fileID: 0}
  m_GameObject: {fileID: 1423270686}
  m_Enabled: 1
  m_EditorHideFlags: 0
  m_Script: {fileID: 11500000, guid: 6757b231cedd544c583ef8aeaf773b2a, type: 3}
  m_Name: 
  m_EditorClassIdentifier: 
  material: {fileID: 0}
  phase: 0
  thickness: 0
  m_SourceCollider: {fileID: 1423270689}
  m_DistanceField: {fileID: 0}
--- !u!65 &1423270689
BoxCollider:
  m_ObjectHideFlags: 0
  m_CorrespondingSourceObject: {fileID: 0}
  m_PrefabInstance: {fileID: 0}
  m_PrefabAsset: {fileID: 0}
  m_GameObject: {fileID: 1423270686}
  m_Material: {fileID: 0}
  m_IsTrigger: 0
  m_Enabled: 1
  serializedVersion: 2
  m_Size: {x: 1, y: 1, z: 1}
  m_Center: {x: 0, y: 0, z: 0}
--- !u!23 &1423270690
MeshRenderer:
  m_ObjectHideFlags: 0
  m_CorrespondingSourceObject: {fileID: 0}
  m_PrefabInstance: {fileID: 0}
  m_PrefabAsset: {fileID: 0}
  m_GameObject: {fileID: 1423270686}
  m_Enabled: 0
  m_CastShadows: 1
  m_ReceiveShadows: 1
  m_DynamicOccludee: 1
  m_MotionVectors: 1
  m_LightProbeUsage: 1
  m_ReflectionProbeUsage: 1
  m_RayTracingMode: 2
  m_RenderingLayerMask: 1
  m_RendererPriority: 0
  m_Materials:
  - {fileID: 10303, guid: 0000000000000000f000000000000000, type: 0}
  m_StaticBatchInfo:
    firstSubMesh: 0
    subMeshCount: 0
  m_StaticBatchRoot: {fileID: 0}
  m_ProbeAnchor: {fileID: 0}
  m_LightProbeVolumeOverride: {fileID: 0}
  m_ScaleInLightmap: 1
  m_ReceiveGI: 1
  m_PreserveUVs: 0
  m_IgnoreNormalsForChartDetection: 0
  m_ImportantGI: 0
  m_StitchLightmapSeams: 1
  m_SelectedEditorRenderState: 3
  m_MinimumChartSize: 4
  m_AutoUVMaxDistance: 0.5
  m_AutoUVMaxAngle: 89
  m_LightmapParameters: {fileID: 0}
  m_SortingLayerID: 0
  m_SortingLayer: 0
  m_SortingOrder: 0
--- !u!33 &1423270691
MeshFilter:
  m_ObjectHideFlags: 0
  m_CorrespondingSourceObject: {fileID: 0}
  m_PrefabInstance: {fileID: 0}
  m_PrefabAsset: {fileID: 0}
  m_GameObject: {fileID: 1423270686}
  m_Mesh: {fileID: 10202, guid: 0000000000000000e000000000000000, type: 0}
--- !u!20 &1457339193 stripped
Camera:
  m_CorrespondingSourceObject: {fileID: 828168852130397371, guid: c0ff24063bd33cf42a035996f5991d6a,
    type: 3}
  m_PrefabInstance: {fileID: 971841334}
  m_PrefabAsset: {fileID: 0}
--- !u!1001 &1468640234
PrefabInstance:
  m_ObjectHideFlags: 0
  serializedVersion: 2
  m_Modification:
    m_TransformParent: {fileID: 0}
    m_Modifications:
    - target: {fileID: 2329953201348070461, guid: d1ab0a8e393dd0f469421637a1e91f3d,
        type: 3}
      propertyPath: cam
      value: 
      objectReference: {fileID: 1457339193}
    - target: {fileID: 2329953201348070461, guid: d1ab0a8e393dd0f469421637a1e91f3d,
        type: 3}
      propertyPath: field
      value: 
      objectReference: {fileID: 919132148107983589}
    - target: {fileID: 2329953202946964842, guid: d1ab0a8e393dd0f469421637a1e91f3d,
        type: 3}
      propertyPath: m_LocalPosition.x
      value: 0
      objectReference: {fileID: 0}
    - target: {fileID: 2329953202946964842, guid: d1ab0a8e393dd0f469421637a1e91f3d,
        type: 3}
      propertyPath: m_LocalPosition.y
      value: 0
      objectReference: {fileID: 0}
    - target: {fileID: 2329953202946964842, guid: d1ab0a8e393dd0f469421637a1e91f3d,
        type: 3}
      propertyPath: m_LocalPosition.z
      value: 0
      objectReference: {fileID: 0}
    - target: {fileID: 2329953202946964842, guid: d1ab0a8e393dd0f469421637a1e91f3d,
        type: 3}
      propertyPath: m_LocalRotation.x
      value: 0
      objectReference: {fileID: 0}
    - target: {fileID: 2329953202946964842, guid: d1ab0a8e393dd0f469421637a1e91f3d,
        type: 3}
      propertyPath: m_LocalRotation.y
      value: 0
      objectReference: {fileID: 0}
    - target: {fileID: 2329953202946964842, guid: d1ab0a8e393dd0f469421637a1e91f3d,
        type: 3}
      propertyPath: m_LocalRotation.z
      value: 0
      objectReference: {fileID: 0}
    - target: {fileID: 2329953202946964842, guid: d1ab0a8e393dd0f469421637a1e91f3d,
        type: 3}
      propertyPath: m_LocalRotation.w
      value: 1
      objectReference: {fileID: 0}
    - target: {fileID: 2329953202946964842, guid: d1ab0a8e393dd0f469421637a1e91f3d,
        type: 3}
      propertyPath: m_RootOrder
      value: 3
      objectReference: {fileID: 0}
    - target: {fileID: 2329953202946964842, guid: d1ab0a8e393dd0f469421637a1e91f3d,
        type: 3}
      propertyPath: m_LocalEulerAnglesHint.x
      value: 0
      objectReference: {fileID: 0}
    - target: {fileID: 2329953202946964842, guid: d1ab0a8e393dd0f469421637a1e91f3d,
        type: 3}
      propertyPath: m_LocalEulerAnglesHint.y
      value: 0
      objectReference: {fileID: 0}
    - target: {fileID: 2329953202946964842, guid: d1ab0a8e393dd0f469421637a1e91f3d,
        type: 3}
      propertyPath: m_LocalEulerAnglesHint.z
      value: 0
      objectReference: {fileID: 0}
    - target: {fileID: 2329953202946964843, guid: d1ab0a8e393dd0f469421637a1e91f3d,
        type: 3}
      propertyPath: pipes.Array.size
      value: 0
      objectReference: {fileID: 0}
    - target: {fileID: 2329953202946964843, guid: d1ab0a8e393dd0f469421637a1e91f3d,
        type: 3}
      propertyPath: levelGameObject
      value: 
      objectReference: {fileID: 1700806720}
    - target: {fileID: 2329953202946964843, guid: d1ab0a8e393dd0f469421637a1e91f3d,
        type: 3}
      propertyPath: ballColors.Array.data[0].r
      value: 1
      objectReference: {fileID: 0}
    - target: {fileID: 2329953202946964843, guid: d1ab0a8e393dd0f469421637a1e91f3d,
        type: 3}
      propertyPath: ballColors.Array.data[0].g
      value: 1
      objectReference: {fileID: 0}
    - target: {fileID: 2329953202946964843, guid: d1ab0a8e393dd0f469421637a1e91f3d,
        type: 3}
      propertyPath: ballColors.Array.data[0].b
      value: 1
      objectReference: {fileID: 0}
    - target: {fileID: 2329953202946964843, guid: d1ab0a8e393dd0f469421637a1e91f3d,
        type: 3}
      propertyPath: wallColors.Array.data[4].color1.r
      value: 0.37397647
      objectReference: {fileID: 0}
    - target: {fileID: 2329953202946964843, guid: d1ab0a8e393dd0f469421637a1e91f3d,
        type: 3}
      propertyPath: wallColors.Array.data[4].color1.g
      value: 0.38662812
      objectReference: {fileID: 0}
    - target: {fileID: 2329953202946964843, guid: d1ab0a8e393dd0f469421637a1e91f3d,
        type: 3}
      propertyPath: wallColors.Array.data[4].color1.b
      value: 0.41509432
      objectReference: {fileID: 0}
    - target: {fileID: 2329953202946964843, guid: d1ab0a8e393dd0f469421637a1e91f3d,
        type: 3}
      propertyPath: wallColors.Array.data[4].color2.r
      value: 0.26343894
      objectReference: {fileID: 0}
    - target: {fileID: 2329953202946964843, guid: d1ab0a8e393dd0f469421637a1e91f3d,
        type: 3}
      propertyPath: wallColors.Array.data[4].color2.g
      value: 0.27474713
      objectReference: {fileID: 0}
    - target: {fileID: 2329953202946964843, guid: d1ab0a8e393dd0f469421637a1e91f3d,
        type: 3}
      propertyPath: wallColors.Array.data[4].color2.b
      value: 0.3018868
      objectReference: {fileID: 0}
    - target: {fileID: 2329953202946964843, guid: d1ab0a8e393dd0f469421637a1e91f3d,
        type: 3}
      propertyPath: wallColors.Array.data[4].color2.a
      value: 1
      objectReference: {fileID: 0}
    - target: {fileID: 2329953202946964844, guid: d1ab0a8e393dd0f469421637a1e91f3d,
        type: 3}
      propertyPath: m_Name
      value: GameManagers
      objectReference: {fileID: 0}
    m_RemovedComponents: []
  m_SourcePrefab: {fileID: 100100000, guid: d1ab0a8e393dd0f469421637a1e91f3d, type: 3}
--- !u!1 &1503122360
GameObject:
  m_ObjectHideFlags: 0
  m_CorrespondingSourceObject: {fileID: 0}
  m_PrefabInstance: {fileID: 0}
  m_PrefabAsset: {fileID: 0}
  serializedVersion: 6
  m_Component:
  - component: {fileID: 1503122361}
  - component: {fileID: 1503122365}
  - component: {fileID: 1503122364}
  - component: {fileID: 1503122363}
  - component: {fileID: 1503122362}
  m_Layer: 0
  m_Name: Cube
  m_TagString: Untagged
  m_Icon: {fileID: 0}
  m_NavMeshLayer: 0
  m_StaticEditorFlags: 4294967294
  m_IsActive: 1
--- !u!4 &1503122361
Transform:
  m_ObjectHideFlags: 0
  m_CorrespondingSourceObject: {fileID: 0}
  m_PrefabInstance: {fileID: 0}
  m_PrefabAsset: {fileID: 0}
  m_GameObject: {fileID: 1503122360}
  m_LocalRotation: {x: -0.16380723, y: 0.000000029802322, z: 0.000000007450581, w: 0.9864924}
  m_LocalPosition: {x: -0, y: -0.596, z: -0.955}
  m_LocalScale: {x: 1, y: 0.082317, z: 4.6011}
  m_Children: []
  m_Father: {fileID: 5878843317463197490}
  m_RootOrder: 0
  m_LocalEulerAnglesHint: {x: -18.856, y: 0, z: 0}
--- !u!114 &1503122362
MonoBehaviour:
  m_ObjectHideFlags: 0
  m_CorrespondingSourceObject: {fileID: 0}
  m_PrefabInstance: {fileID: 0}
  m_PrefabAsset: {fileID: 0}
  m_GameObject: {fileID: 1503122360}
  m_Enabled: 1
  m_EditorHideFlags: 0
  m_Script: {fileID: 11500000, guid: 6757b231cedd544c583ef8aeaf773b2a, type: 3}
  m_Name: 
  m_EditorClassIdentifier: 
  material: {fileID: 0}
  phase: 0
  thickness: 0
  m_SourceCollider: {fileID: 1503122363}
  m_DistanceField: {fileID: 0}
--- !u!65 &1503122363
BoxCollider:
  m_ObjectHideFlags: 0
  m_CorrespondingSourceObject: {fileID: 0}
  m_PrefabInstance: {fileID: 0}
  m_PrefabAsset: {fileID: 0}
  m_GameObject: {fileID: 1503122360}
  m_Material: {fileID: 0}
  m_IsTrigger: 0
  m_Enabled: 1
  serializedVersion: 2
  m_Size: {x: 1, y: 1, z: 1}
  m_Center: {x: 0, y: 0, z: 0}
--- !u!23 &1503122364
MeshRenderer:
  m_ObjectHideFlags: 0
  m_CorrespondingSourceObject: {fileID: 0}
  m_PrefabInstance: {fileID: 0}
  m_PrefabAsset: {fileID: 0}
  m_GameObject: {fileID: 1503122360}
  m_Enabled: 0
  m_CastShadows: 0
  m_ReceiveShadows: 0
  m_DynamicOccludee: 1
  m_MotionVectors: 1
  m_LightProbeUsage: 1
  m_ReflectionProbeUsage: 1
  m_RayTracingMode: 2
  m_RenderingLayerMask: 1
  m_RendererPriority: 0
  m_Materials:
  - {fileID: 2100000, guid: cc87acf4e92a1fa4d9ed15bdc40eeea1, type: 2}
  m_StaticBatchInfo:
    firstSubMesh: 0
    subMeshCount: 0
  m_StaticBatchRoot: {fileID: 0}
  m_ProbeAnchor: {fileID: 0}
  m_LightProbeVolumeOverride: {fileID: 0}
  m_ScaleInLightmap: 1
  m_ReceiveGI: 1
  m_PreserveUVs: 0
  m_IgnoreNormalsForChartDetection: 0
  m_ImportantGI: 0
  m_StitchLightmapSeams: 1
  m_SelectedEditorRenderState: 3
  m_MinimumChartSize: 4
  m_AutoUVMaxDistance: 0.5
  m_AutoUVMaxAngle: 89
  m_LightmapParameters: {fileID: 0}
  m_SortingLayerID: 0
  m_SortingLayer: 0
  m_SortingOrder: 0
--- !u!33 &1503122365
MeshFilter:
  m_ObjectHideFlags: 0
  m_CorrespondingSourceObject: {fileID: 0}
  m_PrefabInstance: {fileID: 0}
  m_PrefabAsset: {fileID: 0}
  m_GameObject: {fileID: 1503122360}
  m_Mesh: {fileID: 10202, guid: 0000000000000000e000000000000000, type: 0}
--- !u!1001 &1637159918
PrefabInstance:
  m_ObjectHideFlags: 0
  serializedVersion: 2
  m_Modification:
    m_TransformParent: {fileID: 0}
    m_Modifications:
    - target: {fileID: 1090169831683392676, guid: 86f9c456313c20f4b9b3971fc304bbf9,
        type: 3}
      propertyPath: m_Name
      value: ForceZone
      objectReference: {fileID: 0}
    - target: {fileID: 1090169831683392678, guid: 86f9c456313c20f4b9b3971fc304bbf9,
        type: 3}
      propertyPath: m_LocalPosition.x
      value: -4.26
      objectReference: {fileID: 0}
    - target: {fileID: 1090169831683392678, guid: 86f9c456313c20f4b9b3971fc304bbf9,
        type: 3}
      propertyPath: m_LocalPosition.y
      value: 0.00000011920929
      objectReference: {fileID: 0}
    - target: {fileID: 1090169831683392678, guid: 86f9c456313c20f4b9b3971fc304bbf9,
        type: 3}
      propertyPath: m_LocalPosition.z
      value: 0.63
      objectReference: {fileID: 0}
    - target: {fileID: 1090169831683392678, guid: 86f9c456313c20f4b9b3971fc304bbf9,
        type: 3}
      propertyPath: m_LocalRotation.x
      value: -0
      objectReference: {fileID: 0}
    - target: {fileID: 1090169831683392678, guid: 86f9c456313c20f4b9b3971fc304bbf9,
        type: 3}
      propertyPath: m_LocalRotation.y
      value: 0.54960346
      objectReference: {fileID: 0}
    - target: {fileID: 1090169831683392678, guid: 86f9c456313c20f4b9b3971fc304bbf9,
        type: 3}
      propertyPath: m_LocalRotation.z
      value: -0
      objectReference: {fileID: 0}
    - target: {fileID: 1090169831683392678, guid: 86f9c456313c20f4b9b3971fc304bbf9,
        type: 3}
      propertyPath: m_LocalRotation.w
      value: 0.8354257
      objectReference: {fileID: 0}
    - target: {fileID: 1090169831683392678, guid: 86f9c456313c20f4b9b3971fc304bbf9,
        type: 3}
      propertyPath: m_RootOrder
      value: 1
      objectReference: {fileID: 0}
    - target: {fileID: 1090169831683392678, guid: 86f9c456313c20f4b9b3971fc304bbf9,
        type: 3}
      propertyPath: m_LocalEulerAnglesHint.x
      value: 0
      objectReference: {fileID: 0}
    - target: {fileID: 1090169831683392678, guid: 86f9c456313c20f4b9b3971fc304bbf9,
        type: 3}
      propertyPath: m_LocalEulerAnglesHint.y
      value: 66.68
      objectReference: {fileID: 0}
    - target: {fileID: 1090169831683392678, guid: 86f9c456313c20f4b9b3971fc304bbf9,
        type: 3}
      propertyPath: m_LocalEulerAnglesHint.z
      value: 0
      objectReference: {fileID: 0}
    m_RemovedComponents: []
  m_SourcePrefab: {fileID: 100100000, guid: 86f9c456313c20f4b9b3971fc304bbf9, type: 3}
--- !u!1 &1700806720
GameObject:
  m_ObjectHideFlags: 0
  m_CorrespondingSourceObject: {fileID: 0}
  m_PrefabInstance: {fileID: 0}
  m_PrefabAsset: {fileID: 0}
  serializedVersion: 6
  m_Component:
  - component: {fileID: 1700806721}
  m_Layer: 0
  m_Name: Level
  m_TagString: Untagged
  m_Icon: {fileID: 0}
  m_NavMeshLayer: 0
  m_StaticEditorFlags: 0
  m_IsActive: 1
--- !u!4 &1700806721
Transform:
  m_ObjectHideFlags: 0
  m_CorrespondingSourceObject: {fileID: 0}
  m_PrefabInstance: {fileID: 0}
  m_PrefabAsset: {fileID: 0}
  m_GameObject: {fileID: 1700806720}
  m_LocalRotation: {x: 0, y: 0, z: 0, w: 1}
  m_LocalPosition: {x: 0, y: 0, z: 0}
  m_LocalScale: {x: 1, y: 1, z: 1}
  m_Children:
  - {fileID: 543450652633620575}
  - {fileID: 9013357836300814258}
  - {fileID: 3326142425218036497}
  m_Father: {fileID: 0}
  m_RootOrder: 5
  m_LocalEulerAnglesHint: {x: 0, y: 0, z: 0}
--- !u!1 &2064777551
GameObject:
  m_ObjectHideFlags: 0
  m_CorrespondingSourceObject: {fileID: 0}
  m_PrefabInstance: {fileID: 0}
  m_PrefabAsset: {fileID: 0}
  serializedVersion: 6
  m_Component:
  - component: {fileID: 2064777554}
  - component: {fileID: 2064777553}
  - component: {fileID: 2064777552}
  m_Layer: 0
  m_Name: EventSystem
  m_TagString: Untagged
  m_Icon: {fileID: 0}
  m_NavMeshLayer: 0
  m_StaticEditorFlags: 0
  m_IsActive: 1
--- !u!114 &2064777552
MonoBehaviour:
  m_ObjectHideFlags: 0
  m_CorrespondingSourceObject: {fileID: 0}
  m_PrefabInstance: {fileID: 0}
  m_PrefabAsset: {fileID: 0}
  m_GameObject: {fileID: 2064777551}
  m_Enabled: 1
  m_EditorHideFlags: 0
  m_Script: {fileID: 11500000, guid: 4f231c4fb786f3946a6b90b886c48677, type: 3}
  m_Name: 
  m_EditorClassIdentifier: 
  m_HorizontalAxis: Horizontal
  m_VerticalAxis: Vertical
  m_SubmitButton: Submit
  m_CancelButton: Cancel
  m_InputActionsPerSecond: 10
  m_RepeatDelay: 0.5
  m_ForceModuleActive: 0
--- !u!114 &2064777553
MonoBehaviour:
  m_ObjectHideFlags: 0
  m_CorrespondingSourceObject: {fileID: 0}
  m_PrefabInstance: {fileID: 0}
  m_PrefabAsset: {fileID: 0}
  m_GameObject: {fileID: 2064777551}
  m_Enabled: 1
  m_EditorHideFlags: 0
  m_Script: {fileID: 11500000, guid: 76c392e42b5098c458856cdf6ecaaaa1, type: 3}
  m_Name: 
  m_EditorClassIdentifier: 
  m_FirstSelected: {fileID: 0}
  m_sendNavigationEvents: 1
  m_DragThreshold: 10
--- !u!4 &2064777554
Transform:
  m_ObjectHideFlags: 0
  m_CorrespondingSourceObject: {fileID: 0}
  m_PrefabInstance: {fileID: 0}
  m_PrefabAsset: {fileID: 0}
  m_GameObject: {fileID: 2064777551}
  m_LocalRotation: {x: 0, y: 0, z: 0, w: 1}
  m_LocalPosition: {x: 0, y: 0, z: 0}
  m_LocalScale: {x: 1, y: 1, z: 1}
  m_Children: []
  m_Father: {fileID: 0}
  m_RootOrder: 2
  m_LocalEulerAnglesHint: {x: 0, y: 0, z: 0}
--- !u!4 &343965592509764527
Transform:
  m_ObjectHideFlags: 0
  m_CorrespondingSourceObject: {fileID: 0}
  m_PrefabInstance: {fileID: 0}
  m_PrefabAsset: {fileID: 0}
  m_GameObject: {fileID: 7630422969405129310}
  m_LocalRotation: {x: 0, y: 0, z: 0, w: 1}
  m_LocalPosition: {x: 0, y: 0, z: 0}
  m_LocalScale: {x: 1, y: 1, z: 1}
  m_Children:
  - {fileID: 3049419315217584242}
  - {fileID: 7852306579398087432}
  - {fileID: 4655617031352553683}
  m_Father: {fileID: 9013357836300814258}
  m_RootOrder: 4
  m_LocalEulerAnglesHint: {x: 0, y: 0, z: 0}
--- !u!23 &475410607855756430
MeshRenderer:
  m_ObjectHideFlags: 0
  m_CorrespondingSourceObject: {fileID: 0}
  m_PrefabInstance: {fileID: 0}
  m_PrefabAsset: {fileID: 0}
  m_GameObject: {fileID: 4974260867967259148}
  m_Enabled: 1
  m_CastShadows: 0
  m_ReceiveShadows: 1
  m_DynamicOccludee: 1
  m_MotionVectors: 1
  m_LightProbeUsage: 1
  m_ReflectionProbeUsage: 1
  m_RayTracingMode: 2
  m_RenderingLayerMask: 1
  m_RendererPriority: 0
  m_Materials:
  - {fileID: 2100000, guid: fd1f8a79947fc51449141ca9d94be4f5, type: 2}
  m_StaticBatchInfo:
    firstSubMesh: 0
    subMeshCount: 0
  m_StaticBatchRoot: {fileID: 0}
  m_ProbeAnchor: {fileID: 0}
  m_LightProbeVolumeOverride: {fileID: 0}
  m_ScaleInLightmap: 1
  m_ReceiveGI: 1
  m_PreserveUVs: 0
  m_IgnoreNormalsForChartDetection: 0
  m_ImportantGI: 0
  m_StitchLightmapSeams: 1
  m_SelectedEditorRenderState: 3
  m_MinimumChartSize: 4
  m_AutoUVMaxDistance: 0.5
  m_AutoUVMaxAngle: 89
  m_LightmapParameters: {fileID: 0}
  m_SortingLayerID: 0
  m_SortingLayer: 0
  m_SortingOrder: 0
--- !u!4 &543450652633620575
Transform:
  m_ObjectHideFlags: 0
  m_CorrespondingSourceObject: {fileID: 0}
  m_PrefabInstance: {fileID: 0}
  m_PrefabAsset: {fileID: 0}
  m_GameObject: {fileID: 919132148107983589}
  m_LocalRotation: {x: -0, y: -0, z: -0, w: 1}
  m_LocalPosition: {x: 0, y: 0, z: 0}
  m_LocalScale: {x: 1, y: 1, z: 1}
  m_Children:
  - {fileID: 1148963717}
  - {fileID: 1423270687}
  m_Father: {fileID: 1700806721}
  m_RootOrder: 0
  m_LocalEulerAnglesHint: {x: 0, y: 0, z: 0}
--- !u!1 &753509768000746637
GameObject:
  m_ObjectHideFlags: 0
  m_CorrespondingSourceObject: {fileID: 0}
  m_PrefabInstance: {fileID: 0}
  m_PrefabAsset: {fileID: 0}
  serializedVersion: 6
  m_Component:
  - component: {fileID: 2254062720509504491}
  - component: {fileID: 6744942948863896056}
  - component: {fileID: 1440271465196568762}
  m_Layer: 0
  m_Name: SlideSideRight
  m_TagString: Untagged
  m_Icon: {fileID: 0}
  m_NavMeshLayer: 0
  m_StaticEditorFlags: 4294967295
  m_IsActive: 1
--- !u!1 &919132148107983589
GameObject:
  m_ObjectHideFlags: 0
  m_CorrespondingSourceObject: {fileID: 0}
  m_PrefabInstance: {fileID: 0}
  m_PrefabAsset: {fileID: 0}
  serializedVersion: 6
  m_Component:
  - component: {fileID: 543450652633620575}
  - component: {fileID: 3469287838563004410}
  - component: {fileID: 1711813854569274160}
  - component: {fileID: 919132148107983591}
  - component: {fileID: 919132148107983590}
  - component: {fileID: 919132148107983592}
  m_Layer: 0
  m_Name: HoleField
  m_TagString: Untagged
  m_Icon: {fileID: 0}
  m_NavMeshLayer: 0
  m_StaticEditorFlags: 4294967295
  m_IsActive: 1
--- !u!54 &919132148107983590
Rigidbody:
  m_ObjectHideFlags: 0
  m_CorrespondingSourceObject: {fileID: 0}
  m_PrefabInstance: {fileID: 0}
  m_PrefabAsset: {fileID: 0}
  m_GameObject: {fileID: 919132148107983589}
  serializedVersion: 2
  m_Mass: 1
  m_Drag: 0
  m_AngularDrag: 0.05
  m_UseGravity: 0
  m_IsKinematic: 1
  m_Interpolate: 0
  m_Constraints: 0
  m_CollisionDetection: 0
--- !u!65 &919132148107983591
BoxCollider:
  m_ObjectHideFlags: 0
  m_CorrespondingSourceObject: {fileID: 0}
  m_PrefabInstance: {fileID: 0}
  m_PrefabAsset: {fileID: 0}
  m_GameObject: {fileID: 919132148107983589}
  m_Material: {fileID: 0}
  m_IsTrigger: 0
  m_Enabled: 1
  serializedVersion: 2
  m_Size: {x: 45.600002, y: 0, z: 45.600002}
  m_Center: {x: 0, y: 0, z: 0}
--- !u!114 &919132148107983592
MonoBehaviour:
  m_ObjectHideFlags: 0
  m_CorrespondingSourceObject: {fileID: 0}
  m_PrefabInstance: {fileID: 0}
  m_PrefabAsset: {fileID: 0}
  m_GameObject: {fileID: 919132148107983589}
  m_Enabled: 1
  m_EditorHideFlags: 0
  m_Script: {fileID: 11500000, guid: 62359d80fdc0e4315ab6331b78ec5b90, type: 3}
  m_Name: 
  m_EditorClassIdentifier: 
  kinematicForParticles: 0
--- !u!33 &1337471273395479068
MeshFilter:
  m_ObjectHideFlags: 0
  m_CorrespondingSourceObject: {fileID: 0}
  m_PrefabInstance: {fileID: 0}
  m_PrefabAsset: {fileID: 0}
  m_GameObject: {fileID: 6089062755907386118}
  m_Mesh: {fileID: -5447218560488668181, guid: 2aab7cfb9b656b14d9c838b116fb9ff1, type: 3}
--- !u!23 &1440271465196568762
MeshRenderer:
  m_ObjectHideFlags: 0
  m_CorrespondingSourceObject: {fileID: 0}
  m_PrefabInstance: {fileID: 0}
  m_PrefabAsset: {fileID: 0}
  m_GameObject: {fileID: 753509768000746637}
  m_Enabled: 1
  m_CastShadows: 0
  m_ReceiveShadows: 1
  m_DynamicOccludee: 1
  m_MotionVectors: 1
  m_LightProbeUsage: 1
  m_ReflectionProbeUsage: 1
  m_RayTracingMode: 2
  m_RenderingLayerMask: 1
  m_RendererPriority: 0
  m_Materials:
  - {fileID: 2100000, guid: fd1f8a79947fc51449141ca9d94be4f5, type: 2}
  m_StaticBatchInfo:
    firstSubMesh: 0
    subMeshCount: 0
  m_StaticBatchRoot: {fileID: 0}
  m_ProbeAnchor: {fileID: 0}
  m_LightProbeVolumeOverride: {fileID: 0}
  m_ScaleInLightmap: 1
  m_ReceiveGI: 1
  m_PreserveUVs: 0
  m_IgnoreNormalsForChartDetection: 0
  m_ImportantGI: 0
  m_StitchLightmapSeams: 1
  m_SelectedEditorRenderState: 3
  m_MinimumChartSize: 4
  m_AutoUVMaxDistance: 0.5
  m_AutoUVMaxAngle: 89
  m_LightmapParameters: {fileID: 0}
  m_SortingLayerID: 0
  m_SortingLayer: 0
  m_SortingOrder: 0
--- !u!114 &1642967171402573584
MonoBehaviour:
  m_ObjectHideFlags: 0
  m_CorrespondingSourceObject: {fileID: 0}
  m_PrefabInstance: {fileID: 0}
  m_PrefabAsset: {fileID: 0}
  m_GameObject: {fileID: 1642967171402573588}
  m_Enabled: 1
  m_EditorHideFlags: 0
  m_Script: {fileID: 11500000, guid: c8b45ebbf86be4df6b0e6cd933812af2, type: 3}
  m_Name: 
  m_EditorClassIdentifier: 
  render: 0
  shader: {fileID: 4800000, guid: 87908c483837f4df49e97fa1aa0dacda, type: 3}
  particleColor: {r: 0.47058824, g: 0.25515315, b: 0.08235294, a: 0.6509804}
  radiusScale: 3
--- !u!114 &1642967171402573586
MonoBehaviour:
  m_ObjectHideFlags: 0
  m_CorrespondingSourceObject: {fileID: 0}
  m_PrefabInstance: {fileID: 0}
  m_PrefabAsset: {fileID: 0}
  m_GameObject: {fileID: 1642967171402573588}
  m_Enabled: 1
  m_EditorHideFlags: 0
  m_Script: {fileID: 11500000, guid: 78c37f4b1f0174c6ebfdf0e7b8af64a3, type: 3}
  m_Name: 
  m_EditorClassIdentifier: 
  m_CollisionMaterial: {fileID: 0}
  emitterBlueprint: {fileID: 11400000, guid: 5754c273f19e0445a86268d4ef5049e8, type: 2}
  fluidPhase: 3
  emissionMethod: 0
  minPoolSize: 0.5
  speed: 3
  lifespan: 4
  randomVelocity: 0
  useShapeColor: 1
  emitterShapes:
  - {fileID: 1642967171402573589}
  life:
  - 4
  - 4
  - 4
  - 4
  - 4
  - 4
  - 4
  - 4
  - 4
  - 4
  - 4
  - 4
  - 4
  - 4
  - 4
  - 4
  - 4
  - 4
  - 4
  - 4
  - 4
  - 4
  - 4
  - 4
  - 4
  - 4
  - 4
  - 4
  - 4
  - 4
  - 4
  - 4
  - 4
  - 4
  - 4
  - 4
  - 4
  - 4
  - 4
  - 4
  - 4
  - 4
  - 4
  - 4
  - 4
  - 4
  - 4
  - 4
  - 4
  - 4
  - 4
  - 4
  - 4
  - 4
  - 4
  - 4
  - 4
  - 4
  - 4
  - 4
  - 4
  - 4
  - 4
  - 4
  - 4
  - 4
  - 4
  - 4
  - 4
  - 4
  - 4
  - 4
  - 4
  - 4
  - 4
  - 4
  - 4
  - 4
  - 4
  - 4
  - 4
  - 4
  - 4
  - 4
  - 4
  - 4
  - 4
  - 4
  - 4
  - 4
  - 4
  - 4
  - 4
  - 4
  - 4
  - 4
  - 4
  - 4
  - 4
  - 4
  - 4
  - 4
  - 4
  - 4
  - 4
  - 4
  - 4
  - 4
  - 4
  - 4
  - 4
  - 4
  - 4
  - 4
  - 4
  - 4
  - 4
  - 4
  - 4
  - 4
  - 4
  - 4
  - 4
  - 4
  - 4
  - 4
  - 4
  - 4
  - 4
  - 4
  - 4
  - 4
  - 4
  - 4
  - 4
  - 4
  - 4
  - 4
  - 4
  - 4
  - 4
  - 4
  - 4
  - 4
  - 4
  - 4
  - 4
  - 4
  - 4
  - 4
  - 4
  - 4
  - 4
  - 4
  - 4
  - 4
  - 4
  - 4
  - 4
  - 4
  - 4
  - 4
  - 4
  - 4
  - 4
  - 4
  - 4
  - 4
  - 4
  - 4
  - 4
  - 4
  - 4
  - 4
  - 4
  - 4
  - 4
  - 4
  - 4
  - 4
  - 4
  - 4
  - 4
  - 4
  - 4
  - 4
  - 4
  - 4
  - 4
  - 4
  - 4
  - 4
  - 4
  - 4
  - 4
  - 4
  - 4
  - 4
  - 4
  - 4
  - 4
  - 4
  - 4
  - 4
  - 4
  - 4
  - 4
  - 4
  - 4
  - 4
  - 4
  - 4
  - 4
  - 4
  - 4
  - 4
  - 4
  - 4
  - 4
  - 4
  - 4
  - 4
  - 4
  - 4
  - 4
  - 4
  - 4
  - 4
  - 4
  - 4
  - 4
  - 4
  - 4
  - 4
  - 4
  - 4
  - 4
  - 4
  - 4
  - 4
  - 4
  - 4
  - 4
  - 4
  - 4
  - 4
  - 4
  - 4
  - 4
  - 4
  - 4
  - 4
  - 4
  - 4
  - 4
  - 4
  - 4
  - 4
  - 4
  - 4
  - 4
  - 4
  - 4
  - 4
  - 4
  - 4
  - 4
  - 4
  - 4
  - 4
  - 4
  - 4
  - 4
  - 4
  - 4
  - 4
  - 4
  - 4
  - 4
  - 4
  - 4
  - 4
  - 4
  - 4
  - 4
  - 4
  - 4
  - 4
  - 4
  - 4
  - 4
  - 4
  - 4
  - 4
  - 4
  - 4
  - 4
  - 4
  - 4
  - 4
  - 4
  - 4
  - 4
  - 4
  - 4
  - 4
  - 4
  - 4
  - 4
  - 4
  - 4
  - 4
  - 4
  - 4
  - 4
  - 4
  - 4
  - 4
  - 4
  - 4
  - 4
  - 4
  - 4
  - 4
  - 4
  - 4
  - 4
  - 4
  - 4
  - 4
  - 4
  - 4
  - 4
  - 4
  - 4
  - 4
  - 4
  - 4
  - 4
  - 4
  - 4
  - 4
  - 4
  - 4
  - 4
  - 4
  - 4
  - 4
  - 4
  - 4
  - 4
  - 4
  - 4
  - 4
  - 4
  - 4
  - 4
  - 4
  - 4
  - 4
  - 4
  - 4
  - 4
  - 4
  - 4
  - 4
  - 4
  - 4
  - 4
  - 4
  - 4
  - 4
  - 4
  - 4
  - 4
  - 4
  - 4
  - 4
  - 4
  - 4
  - 4
  - 4
  - 4
  - 4
  - 4
  - 4
  - 4
  - 4
  - 4
  - 4
  - 4
  - 4
  - 4
  - 4
  - 4
  - 4
  - 4
  - 4
  - 4
  - 4
  - 4
  - 4
  - 4
  - 4
  - 4
  - 4
  - 4
  - 4
  - 4
  - 4
  - 4
  - 4
  - 4
  - 4
  - 4
  - 4
  - 4
  - 4
  - 4
  - 4
  - 4
  - 4
  - 4
  - 4
  - 4
  - 4
  - 4
  - 4
  - 4
  - 4
  - 4
  - 4
  - 4
  - 4
  - 4
  - 4
  - 4
  - 4
  - 4
  - 4
  - 4
  - 4
  - 4
  - 4
  - 4
  - 4
  - 4
  - 4
  - 4
  - 4
  - 4
  - 4
  - 4
  - 4
  - 4
  - 4
  - 4
  - 4
  - 4
  - 4
  - 4
  - 4
  - 4
  - 4
  - 4
  - 4
  - 4
  - 4
  - 4
  - 4
  - 4
  - 4
  - 4
  - 4
  - 4
  - 4
  - 4
  - 4
  - 4
  - 4
  - 4
  - 4
  - 4
  - 4
  - 4
  - 4
  - 4
  - 4
  - 4
  - 4
  - 4
  - 4
  - 4
  - 4
  - 4
  - 4
  - 4
  - 4
  - 4
  - 4
--- !u!4 &1642967171402573587
Transform:
  m_ObjectHideFlags: 0
  m_CorrespondingSourceObject: {fileID: 0}
  m_PrefabInstance: {fileID: 0}
  m_PrefabAsset: {fileID: 0}
  m_GameObject: {fileID: 1642967171402573588}
  m_LocalRotation: {x: 0.056266177, y: 0.9360237, z: -0.12726215, w: 0.3232616}
  m_LocalPosition: {x: -0.608, y: 0.037, z: 0.387}
  m_LocalScale: {x: 1, y: 1, z: 1}
  m_Children: []
  m_Father: {fileID: 1642967171691819226}
  m_RootOrder: 0
  m_LocalEulerAnglesHint: {x: 15.939001, y: 142.087, z: 1.3740001}
--- !u!1 &1642967171402573588
GameObject:
  m_ObjectHideFlags: 0
  m_CorrespondingSourceObject: {fileID: 0}
  m_PrefabInstance: {fileID: 0}
  m_PrefabAsset: {fileID: 0}
  serializedVersion: 6
  m_Component:
  - component: {fileID: 1642967171402573587}
  - component: {fileID: 1642967171402573584}
  - component: {fileID: 1642967171402573586}
  - component: {fileID: 1642967171402573589}
  m_Layer: 0
  m_Name: Emitter
  m_TagString: Untagged
  m_Icon: {fileID: 0}
  m_NavMeshLayer: 0
  m_StaticEditorFlags: 0
  m_IsActive: 1
--- !u!114 &1642967171402573589
MonoBehaviour:
  m_ObjectHideFlags: 0
  m_CorrespondingSourceObject: {fileID: 0}
  m_PrefabInstance: {fileID: 0}
  m_PrefabAsset: {fileID: 0}
  m_GameObject: {fileID: 1642967171402573588}
  m_Enabled: 1
  m_EditorHideFlags: 0
  m_Script: {fileID: 11500000, guid: 748587b7cb89947cdb69eed6554256f6, type: 3}
  m_Name: 
  m_EditorClassIdentifier: 
  emitter: {fileID: 1642967171402573586}
  color: {r: 1, g: 1, b: 1, a: 1}
  particleSize: 0.07937005
  distribution:
  - position: {x: -0.25, y: 0, z: 0}
    velocity: {x: 0, y: 0, z: 1}
    color: {r: 1, g: 1, b: 1, a: 1}
  - position: {x: -0.16062996, y: 0, z: 0}
    velocity: {x: 0, y: 0, z: 1}
    color: {r: 1, g: 1, b: 1, a: 1}
  - position: {x: -0.0712599, y: 0, z: 0}
    velocity: {x: 0, y: 0, z: 1}
    color: {r: 1, g: 1, b: 1, a: 1}
  - position: {x: 0.018110149, y: 0, z: 0}
    velocity: {x: 0, y: 0, z: 1}
    color: {r: 1, g: 1, b: 1, a: 1}
  - position: {x: 0.1074802, y: 0, z: 0}
    velocity: {x: 0, y: 0, z: 1}
    color: {r: 1, g: 1, b: 1, a: 1}
  - position: {x: 0.19685024, y: 0, z: 0}
    velocity: {x: 0, y: 0, z: 1}
    color: {r: 1, g: 1, b: 1, a: 1}
  lenght: 0.5
  radialVelocity: 0
--- !u!4 &1642967171691819226
Transform:
  m_ObjectHideFlags: 0
  m_CorrespondingSourceObject: {fileID: 0}
  m_PrefabInstance: {fileID: 0}
  m_PrefabAsset: {fileID: 0}
  m_GameObject: {fileID: 1642967171691819228}
  m_LocalRotation: {x: 0, y: 0, z: 0, w: 1}
  m_LocalPosition: {x: -1.01, y: 0.651, z: 7.01}
  m_LocalScale: {x: 1, y: 1, z: 1}
  m_Children:
  - {fileID: 1642967171402573587}
  m_Father: {fileID: 0}
  m_RootOrder: 6
  m_LocalEulerAnglesHint: {x: 0, y: 0, z: 0}
--- !u!114 &1642967171691819227
MonoBehaviour:
  m_ObjectHideFlags: 0
  m_CorrespondingSourceObject: {fileID: 0}
  m_PrefabInstance: {fileID: 0}
  m_PrefabAsset: {fileID: 0}
  m_GameObject: {fileID: 1642967171691819228}
  m_Enabled: 1
  m_EditorHideFlags: 0
  m_Script: {fileID: 11500000, guid: 1d9704d540ac448439a425526f6b2986, type: 3}
  m_Name: 
  m_EditorClassIdentifier: 
  solvers:
  - {fileID: 1642967171691819229}
  substepUnityPhysics: 0
  substeps: 1
--- !u!1 &1642967171691819228
GameObject:
  m_ObjectHideFlags: 0
  m_CorrespondingSourceObject: {fileID: 0}
  m_PrefabInstance: {fileID: 0}
  m_PrefabAsset: {fileID: 0}
  serializedVersion: 6
  m_Component:
  - component: {fileID: 1642967171691819226}
  - component: {fileID: 1642967171691819229}
  - component: {fileID: 1642967171691819227}
  m_Layer: 0
  m_Name: Solver
  m_TagString: Untagged
  m_Icon: {fileID: 0}
  m_NavMeshLayer: 0
  m_StaticEditorFlags: 0
  m_IsActive: 1
--- !u!114 &1642967171691819229
MonoBehaviour:
  m_ObjectHideFlags: 0
  m_CorrespondingSourceObject: {fileID: 0}
  m_PrefabInstance: {fileID: 0}
  m_PrefabAsset: {fileID: 0}
  m_GameObject: {fileID: 1642967171691819228}
  m_Enabled: 1
  m_EditorHideFlags: 0
  m_Script: {fileID: 11500000, guid: 9d174fab52f0c4b8399f25d5c3ea524c, type: 3}
  m_Name: 
  m_EditorClassIdentifier: 
  simulateWhenInvisible: 1
  m_Backend: 0
  parameters:
    mode: 0
    interpolation: 0
    gravity: {x: 0, y: -4, z: 0}
    damping: 0
    shockPropagation: 0
    maxAnisotropy: 1
    maxDepenetration: 5
    sleepThreshold: 0
  worldLinearInertiaScale: 0
  worldAngularInertiaScale: 0
  distanceConstraintParameters:
    evaluationOrder: 0
    iterations: 2
    SORFactor: 1
    enabled: 0
  bendingConstraintParameters:
    evaluationOrder: 1
    iterations: 1
    SORFactor: 1
    enabled: 0
  particleCollisionConstraintParameters:
    evaluationOrder: 0
    iterations: 6
    SORFactor: 1
    enabled: 0
  particleFrictionConstraintParameters:
    evaluationOrder: 1
    iterations: 3
    SORFactor: 1
    enabled: 1
  collisionConstraintParameters:
    evaluationOrder: 0
    iterations: 2
    SORFactor: 1
    enabled: 1
  frictionConstraintParameters:
    evaluationOrder: 1
    iterations: 3
    SORFactor: 1
    enabled: 1
  skinConstraintParameters:
    evaluationOrder: 0
    iterations: 3
    SORFactor: 1
    enabled: 0
  volumeConstraintParameters:
    evaluationOrder: 1
    iterations: 3
    SORFactor: 1
    enabled: 0
  shapeMatchingConstraintParameters:
    evaluationOrder: 1
    iterations: 3
    SORFactor: 1
    enabled: 1
  tetherConstraintParameters:
    evaluationOrder: 1
    iterations: 2
    SORFactor: 1
    enabled: 0
  pinConstraintParameters:
    evaluationOrder: 1
    iterations: 3
    SORFactor: 1
    enabled: 0
  stitchConstraintParameters:
    evaluationOrder: 1
    iterations: 2
    SORFactor: 1
    enabled: 0
  densityConstraintParameters:
    evaluationOrder: 1
    iterations: 2
    SORFactor: 1
    enabled: 1
  stretchShearConstraintParameters:
    evaluationOrder: 0
    iterations: 3
    SORFactor: 1
    enabled: 1
  bendTwistConstraintParameters:
    evaluationOrder: 0
    iterations: 3
    SORFactor: 1
    enabled: 1
  chainConstraintParameters:
    evaluationOrder: 0
    iterations: 3
    SORFactor: 1
    enabled: 0
--- !u!23 &1711813854569274160
MeshRenderer:
  m_ObjectHideFlags: 0
  m_CorrespondingSourceObject: {fileID: 0}
  m_PrefabInstance: {fileID: 0}
  m_PrefabAsset: {fileID: 0}
  m_GameObject: {fileID: 919132148107983589}
  m_Enabled: 1
  m_CastShadows: 1
  m_ReceiveShadows: 1
  m_DynamicOccludee: 1
  m_MotionVectors: 1
  m_LightProbeUsage: 1
  m_ReflectionProbeUsage: 1
  m_RayTracingMode: 2
  m_RenderingLayerMask: 1
  m_RendererPriority: 0
  m_Materials:
  - {fileID: 2100000, guid: d5b8ec55e75c4fb4599f0fd3b10f499a, type: 2}
  m_StaticBatchInfo:
    firstSubMesh: 0
    subMeshCount: 0
  m_StaticBatchRoot: {fileID: 0}
  m_ProbeAnchor: {fileID: 0}
  m_LightProbeVolumeOverride: {fileID: 0}
  m_ScaleInLightmap: 1
  m_ReceiveGI: 1
  m_PreserveUVs: 0
  m_IgnoreNormalsForChartDetection: 0
  m_ImportantGI: 0
  m_StitchLightmapSeams: 1
  m_SelectedEditorRenderState: 3
  m_MinimumChartSize: 4
  m_AutoUVMaxDistance: 0.5
  m_AutoUVMaxAngle: 89
  m_LightmapParameters: {fileID: 0}
  m_SortingLayerID: 0
  m_SortingLayer: 0
  m_SortingOrder: 0
--- !u!4 &2254062720509504491
Transform:
  m_ObjectHideFlags: 0
  m_CorrespondingSourceObject: {fileID: 0}
  m_PrefabInstance: {fileID: 0}
  m_PrefabAsset: {fileID: 0}
  m_GameObject: {fileID: 753509768000746637}
  m_LocalRotation: {x: 0, y: -0, z: -0, w: 1}
  m_LocalPosition: {x: 0.5738427, y: 1.3231611, z: 3.2210932}
  m_LocalScale: {x: 1, y: 1, z: 1}
  m_Children: []
  m_Father: {fileID: 9013357836300814258}
  m_RootOrder: 3
  m_LocalEulerAnglesHint: {x: 0, y: 0, z: 0}
--- !u!33 &2617871975672042347
MeshFilter:
  m_ObjectHideFlags: 0
  m_CorrespondingSourceObject: {fileID: 0}
  m_PrefabInstance: {fileID: 0}
  m_PrefabAsset: {fileID: 0}
  m_GameObject: {fileID: 8431460210617841712}
  m_Mesh: {fileID: -1328810213020228454, guid: c1f46495a570ebb458abb4daceed4980, type: 3}
--- !u!1 &2694001697130965419
GameObject:
  m_ObjectHideFlags: 0
  m_CorrespondingSourceObject: {fileID: 0}
  m_PrefabInstance: {fileID: 0}
  m_PrefabAsset: {fileID: 0}
  serializedVersion: 6
  m_Component:
  - component: {fileID: 3326142425218036497}
  - component: {fileID: 2694001697130965420}
  m_Layer: 0
  m_Name: Hole
  m_TagString: Untagged
  m_Icon: {fileID: 0}
  m_NavMeshLayer: 0
  m_StaticEditorFlags: 4294967295
  m_IsActive: 1
--- !u!114 &2694001697130965420
MonoBehaviour:
  m_ObjectHideFlags: 0
  m_CorrespondingSourceObject: {fileID: 0}
  m_PrefabInstance: {fileID: 0}
  m_PrefabAsset: {fileID: 0}
  m_GameObject: {fileID: 2694001697130965419}
  m_Enabled: 1
  m_EditorHideFlags: 0
  m_Script: {fileID: 11500000, guid: 73c199aebffe8d845b20d539cbaef191, type: 3}
  m_Name: 
  m_EditorClassIdentifier: 
  isMove: 0
  point1: {fileID: 0}
  point2: {fileID: 0}
  goalView: {fileID: 3236038818945468578}
--- !u!1 &2994901491663251214
GameObject:
  m_ObjectHideFlags: 0
  m_CorrespondingSourceObject: {fileID: 0}
  m_PrefabInstance: {fileID: 0}
  m_PrefabAsset: {fileID: 0}
  serializedVersion: 6
  m_Component:
  - component: {fileID: 4850682162677543661}
  - component: {fileID: 8075789943946780787}
  - component: {fileID: 8148863253826815999}
  m_Layer: 0
  m_Name: HoleMain
  m_TagString: Untagged
  m_Icon: {fileID: 0}
  m_NavMeshLayer: 0
  m_StaticEditorFlags: 4294967295
  m_IsActive: 1
--- !u!1001 &3049419315217584241
PrefabInstance:
  m_ObjectHideFlags: 0
  serializedVersion: 2
  m_Modification:
    m_TransformParent: {fileID: 343965592509764527}
    m_Modifications:
    - target: {fileID: 1435563683646596889, guid: c28b94c495c636348abb112eff1889d4,
        type: 3}
      propertyPath: m_Name
      value: Arrow
      objectReference: {fileID: 0}
    - target: {fileID: 1435563683646596889, guid: c28b94c495c636348abb112eff1889d4,
        type: 3}
      propertyPath: m_StaticEditorFlags
      value: 4294967295
      objectReference: {fileID: 0}
    - target: {fileID: 1776658219868143011, guid: c28b94c495c636348abb112eff1889d4,
        type: 3}
      propertyPath: m_LocalPosition.x
      value: -0.349
      objectReference: {fileID: 0}
    - target: {fileID: 1776658219868143011, guid: c28b94c495c636348abb112eff1889d4,
        type: 3}
      propertyPath: m_LocalPosition.y
      value: -0.027
      objectReference: {fileID: 0}
    - target: {fileID: 1776658219868143011, guid: c28b94c495c636348abb112eff1889d4,
        type: 3}
      propertyPath: m_LocalPosition.z
      value: 0
      objectReference: {fileID: 0}
    - target: {fileID: 1776658219868143011, guid: c28b94c495c636348abb112eff1889d4,
        type: 3}
      propertyPath: m_LocalRotation.x
      value: -0
      objectReference: {fileID: 0}
    - target: {fileID: 1776658219868143011, guid: c28b94c495c636348abb112eff1889d4,
        type: 3}
      propertyPath: m_LocalRotation.y
      value: -0
      objectReference: {fileID: 0}
    - target: {fileID: 1776658219868143011, guid: c28b94c495c636348abb112eff1889d4,
        type: 3}
      propertyPath: m_LocalRotation.z
      value: -0
      objectReference: {fileID: 0}
    - target: {fileID: 1776658219868143011, guid: c28b94c495c636348abb112eff1889d4,
        type: 3}
      propertyPath: m_LocalRotation.w
      value: 1
      objectReference: {fileID: 0}
    - target: {fileID: 1776658219868143011, guid: c28b94c495c636348abb112eff1889d4,
        type: 3}
      propertyPath: m_RootOrder
      value: 0
      objectReference: {fileID: 0}
    - target: {fileID: 1776658219868143011, guid: c28b94c495c636348abb112eff1889d4,
        type: 3}
      propertyPath: m_LocalEulerAnglesHint.x
      value: 0
      objectReference: {fileID: 0}
    - target: {fileID: 1776658219868143011, guid: c28b94c495c636348abb112eff1889d4,
        type: 3}
      propertyPath: m_LocalEulerAnglesHint.y
      value: 0
      objectReference: {fileID: 0}
    - target: {fileID: 1776658219868143011, guid: c28b94c495c636348abb112eff1889d4,
        type: 3}
      propertyPath: m_LocalEulerAnglesHint.z
      value: 0
      objectReference: {fileID: 0}
    m_RemovedComponents: []
  m_SourcePrefab: {fileID: 100100000, guid: c28b94c495c636348abb112eff1889d4, type: 3}
--- !u!4 &3049419315217584242 stripped
Transform:
  m_CorrespondingSourceObject: {fileID: 1776658219868143011, guid: c28b94c495c636348abb112eff1889d4,
    type: 3}
  m_PrefabInstance: {fileID: 3049419315217584241}
  m_PrefabAsset: {fileID: 0}
--- !u!222 &3236038818604244938
CanvasRenderer:
  m_ObjectHideFlags: 0
  m_CorrespondingSourceObject: {fileID: 0}
  m_PrefabInstance: {fileID: 0}
  m_PrefabAsset: {fileID: 0}
  m_GameObject: {fileID: 3236038818604244943}
  m_CullTransparentMesh: 0
--- !u!224 &3236038818604244940
RectTransform:
  m_ObjectHideFlags: 0
  m_CorrespondingSourceObject: {fileID: 0}
  m_PrefabInstance: {fileID: 0}
  m_PrefabAsset: {fileID: 0}
  m_GameObject: {fileID: 3236038818604244943}
  m_LocalRotation: {x: -0, y: -0, z: -0, w: 1}
  m_LocalPosition: {x: 0, y: 0, z: 0}
  m_LocalScale: {x: 1, y: 1, z: 1}
  m_Children: []
  m_Father: {fileID: 3236038818945468581}
  m_RootOrder: 1
  m_LocalEulerAnglesHint: {x: 0, y: 0, z: 0}
  m_AnchorMin: {x: 0, y: 0}
  m_AnchorMax: {x: 0.48900002, y: 0.48400003}
  m_AnchoredPosition: {x: 0.32162476, y: 0.022083282}
  m_SizeDelta: {x: 0.6244199, y: 0.032577384}
  m_Pivot: {x: 0.5, y: 0.5}
--- !u!114 &3236038818604244941
MonoBehaviour:
  m_ObjectHideFlags: 0
  m_CorrespondingSourceObject: {fileID: 0}
  m_PrefabInstance: {fileID: 0}
  m_PrefabAsset: {fileID: 0}
  m_GameObject: {fileID: 3236038818604244943}
  m_Enabled: 1
  m_EditorHideFlags: 0
  m_Script: {fileID: 11500000, guid: 5f7201a12d95ffc409449d95f23cf332, type: 3}
  m_Name: 
  m_EditorClassIdentifier: 
  m_Material: {fileID: 0}
  m_Color: {r: 0.50980395, g: 0.2392157, b: 0.52156866, a: 1}
  m_RaycastTarget: 1
  m_Maskable: 1
  m_OnCullStateChanged:
    m_PersistentCalls:
      m_Calls: []
  m_FontData:
    m_Font: {fileID: 12800000, guid: e43d419ce9117004381ab341c1e5f1a7, type: 3}
    m_FontSize: 14
    m_FontStyle: 0
    m_BestFit: 1
    m_MinSize: 10
    m_MaxSize: 300
    m_Alignment: 5
    m_AlignByGeometry: 0
    m_RichText: 1
    m_HorizontalOverflow: 0
    m_VerticalOverflow: 0
    m_LineSpacing: 1
  m_Text: 0
--- !u!1 &3236038818604244943
GameObject:
  m_ObjectHideFlags: 0
  m_CorrespondingSourceObject: {fileID: 0}
  m_PrefabInstance: {fileID: 0}
  m_PrefabAsset: {fileID: 0}
  serializedVersion: 6
  m_Component:
  - component: {fileID: 3236038818604244940}
  - component: {fileID: 3236038818604244938}
  - component: {fileID: 3236038818604244941}
  m_Layer: 5
  m_Name: CurrentValue
  m_TagString: Untagged
  m_Icon: {fileID: 0}
  m_NavMeshLayer: 0
  m_StaticEditorFlags: 4294967295
  m_IsActive: 1
--- !u!114 &3236038818945468578
MonoBehaviour:
  m_ObjectHideFlags: 0
  m_CorrespondingSourceObject: {fileID: 0}
  m_PrefabInstance: {fileID: 0}
  m_PrefabAsset: {fileID: 0}
  m_GameObject: {fileID: 3236038818945468580}
  m_Enabled: 1
  m_EditorHideFlags: 0
  m_Script: {fileID: 11500000, guid: d5bd6523fdc12d449a1183f9c6b63a92, type: 3}
  m_Name: 
  m_EditorClassIdentifier: 
  currentText: {fileID: 3236038818604244941}
  maxText: {fileID: 3236038819372007146}
  animator: {fileID: 3236038820573513643}
  slider: {fileID: 3236038819712991966}
--- !u!222 &3236038818945468579
CanvasRenderer:
  m_ObjectHideFlags: 0
  m_CorrespondingSourceObject: {fileID: 0}
  m_PrefabInstance: {fileID: 0}
  m_PrefabAsset: {fileID: 0}
  m_GameObject: {fileID: 3236038818945468580}
  m_CullTransparentMesh: 0
--- !u!1 &3236038818945468580
GameObject:
  m_ObjectHideFlags: 0
  m_CorrespondingSourceObject: {fileID: 0}
  m_PrefabInstance: {fileID: 0}
  m_PrefabAsset: {fileID: 0}
  serializedVersion: 6
  m_Component:
  - component: {fileID: 3236038818945468581}
  - component: {fileID: 3236038818945468579}
  - component: {fileID: 3236038818945468578}
  m_Layer: 5
  m_Name: GoalPanel
  m_TagString: Untagged
  m_Icon: {fileID: 0}
  m_NavMeshLayer: 0
  m_StaticEditorFlags: 4294967295
  m_IsActive: 1
--- !u!224 &3236038818945468581
RectTransform:
  m_ObjectHideFlags: 0
  m_CorrespondingSourceObject: {fileID: 0}
  m_PrefabInstance: {fileID: 0}
  m_PrefabAsset: {fileID: 0}
  m_GameObject: {fileID: 3236038818945468580}
  m_LocalRotation: {x: 0, y: 0, z: 0, w: 1}
  m_LocalPosition: {x: 0, y: 0, z: -0.000000015832}
  m_LocalScale: {x: 1, y: 1, z: 1}
  m_Children:
  - {fileID: 3236038820069940026}
  - {fileID: 3236038818604244940}
  - {fileID: 3236038819372007149}
  m_Father: {fileID: 3236038820573513645}
  m_RootOrder: 0
  m_LocalEulerAnglesHint: {x: 0, y: 0, z: 0}
  m_AnchorMin: {x: 0.19261488, y: 0.18739763}
  m_AnchorMax: {x: 0.808, y: 0.35849628}
  m_AnchoredPosition: {x: -0.035072327, y: -0.8009033}
  m_SizeDelta: {x: 0.46022815, y: 1.7745308}
  m_Pivot: {x: 0.5, y: 0.5}
--- !u!114 &3236038819372007146
MonoBehaviour:
  m_ObjectHideFlags: 0
  m_CorrespondingSourceObject: {fileID: 0}
  m_PrefabInstance: {fileID: 0}
  m_PrefabAsset: {fileID: 0}
  m_GameObject: {fileID: 3236038819372007148}
  m_Enabled: 1
  m_EditorHideFlags: 0
  m_Script: {fileID: 11500000, guid: 5f7201a12d95ffc409449d95f23cf332, type: 3}
  m_Name: 
  m_EditorClassIdentifier: 
  m_Material: {fileID: 0}
  m_Color: {r: 0.50980395, g: 0.2392157, b: 0.52156866, a: 1}
  m_RaycastTarget: 1
  m_Maskable: 1
  m_OnCullStateChanged:
    m_PersistentCalls:
      m_Calls: []
  m_FontData:
    m_Font: {fileID: 12800000, guid: e43d419ce9117004381ab341c1e5f1a7, type: 3}
    m_FontSize: 14
    m_FontStyle: 0
    m_BestFit: 1
    m_MinSize: 10
    m_MaxSize: 300
    m_Alignment: 3
    m_AlignByGeometry: 0
    m_RichText: 1
    m_HorizontalOverflow: 0
    m_VerticalOverflow: 0
    m_LineSpacing: 1
  m_Text: /30
--- !u!222 &3236038819372007147
CanvasRenderer:
  m_ObjectHideFlags: 0
  m_CorrespondingSourceObject: {fileID: 0}
  m_PrefabInstance: {fileID: 0}
  m_PrefabAsset: {fileID: 0}
  m_GameObject: {fileID: 3236038819372007148}
  m_CullTransparentMesh: 0
--- !u!1 &3236038819372007148
GameObject:
  m_ObjectHideFlags: 0
  m_CorrespondingSourceObject: {fileID: 0}
  m_PrefabInstance: {fileID: 0}
  m_PrefabAsset: {fileID: 0}
  serializedVersion: 6
  m_Component:
  - component: {fileID: 3236038819372007149}
  - component: {fileID: 3236038819372007147}
  - component: {fileID: 3236038819372007146}
  m_Layer: 5
  m_Name: MaxValue
  m_TagString: Untagged
  m_Icon: {fileID: 0}
  m_NavMeshLayer: 0
  m_StaticEditorFlags: 4294967295
  m_IsActive: 1
--- !u!224 &3236038819372007149
RectTransform:
  m_ObjectHideFlags: 0
  m_CorrespondingSourceObject: {fileID: 0}
  m_PrefabInstance: {fileID: 0}
  m_PrefabAsset: {fileID: 0}
  m_GameObject: {fileID: 3236038819372007148}
  m_LocalRotation: {x: -0, y: -0, z: -0, w: 1}
  m_LocalPosition: {x: 0, y: 0, z: 0}
  m_LocalScale: {x: 1, y: 1, z: 1}
  m_Children: []
  m_Father: {fileID: 3236038818945468581}
  m_RootOrder: 2
  m_LocalEulerAnglesHint: {x: 0, y: 0, z: 0}
  m_AnchorMin: {x: 0.5, y: 0}
  m_AnchorMax: {x: 1, y: 0.48046023}
  m_AnchoredPosition: {x: 0.8571701, y: 0.21351242}
  m_SizeDelta: {x: -1.7016438, y: 0.36375454}
  m_Pivot: {x: 0.5, y: 0.5}
--- !u!224 &3236038819571683904
RectTransform:
  m_ObjectHideFlags: 0
  m_CorrespondingSourceObject: {fileID: 0}
  m_PrefabInstance: {fileID: 0}
  m_PrefabAsset: {fileID: 0}
  m_GameObject: {fileID: 3236038819571683907}
  m_LocalRotation: {x: 0.7071068, y: -0, z: -0, w: 0.7071068}
  m_LocalPosition: {x: 0, y: 0, z: 0}
  m_LocalScale: {x: 0.01, y: 0.009999999, z: 1}
  m_Children:
  - {fileID: 3236038820573513645}
  m_Father: {fileID: 3326142425218036497}
  m_RootOrder: 0
  m_LocalEulerAnglesHint: {x: 90, y: 0, z: 0}
  m_AnchorMin: {x: 0, y: 0}
  m_AnchorMax: {x: 0, y: 0}
  m_AnchoredPosition: {x: 0, y: 0.02}
  m_SizeDelta: {x: 347, y: 617}
  m_Pivot: {x: 0.5, y: 0.5}
--- !u!114 &3236038819571683905
MonoBehaviour:
  m_ObjectHideFlags: 0
  m_CorrespondingSourceObject: {fileID: 0}
  m_PrefabInstance: {fileID: 0}
  m_PrefabAsset: {fileID: 0}
  m_GameObject: {fileID: 3236038819571683907}
  m_Enabled: 1
  m_EditorHideFlags: 0
  m_Script: {fileID: 11500000, guid: dc42784cf147c0c48a680349fa168899, type: 3}
  m_Name: 
  m_EditorClassIdentifier: 
  m_IgnoreReversedGraphics: 1
  m_BlockingObjects: 0
  m_BlockingMask:
    serializedVersion: 2
    m_Bits: 4294967295
--- !u!1 &3236038819571683907
GameObject:
  m_ObjectHideFlags: 0
  m_CorrespondingSourceObject: {fileID: 0}
  m_PrefabInstance: {fileID: 0}
  m_PrefabAsset: {fileID: 0}
  serializedVersion: 6
  m_Component:
  - component: {fileID: 3236038819571683904}
  - component: {fileID: 3236038819571683919}
  - component: {fileID: 3236038819571683918}
  - component: {fileID: 3236038819571683905}
  m_Layer: 5
  m_Name: Canvas
  m_TagString: Untagged
  m_Icon: {fileID: 0}
  m_NavMeshLayer: 0
  m_StaticEditorFlags: 4294967295
  m_IsActive: 0
--- !u!114 &3236038819571683918
MonoBehaviour:
  m_ObjectHideFlags: 0
  m_CorrespondingSourceObject: {fileID: 0}
  m_PrefabInstance: {fileID: 0}
  m_PrefabAsset: {fileID: 0}
  m_GameObject: {fileID: 3236038819571683907}
  m_Enabled: 1
  m_EditorHideFlags: 0
  m_Script: {fileID: 11500000, guid: 0cd44c1031e13a943bb63640046fad76, type: 3}
  m_Name: 
  m_EditorClassIdentifier: 
  m_UiScaleMode: 0
  m_ReferencePixelsPerUnit: 100
  m_ScaleFactor: 1
  m_ReferenceResolution: {x: 800, y: 600}
  m_ScreenMatchMode: 0
  m_MatchWidthOrHeight: 0
  m_PhysicalUnit: 3
  m_FallbackScreenDPI: 96
  m_DefaultSpriteDPI: 96
  m_DynamicPixelsPerUnit: 1
--- !u!223 &3236038819571683919
Canvas:
  m_ObjectHideFlags: 0
  m_CorrespondingSourceObject: {fileID: 0}
  m_PrefabInstance: {fileID: 0}
  m_PrefabAsset: {fileID: 0}
  m_GameObject: {fileID: 3236038819571683907}
  m_Enabled: 1
  serializedVersion: 3
  m_RenderMode: 2
  m_Camera: {fileID: 0}
  m_PlaneDistance: 100
  m_PixelPerfect: 0
  m_ReceivesEvents: 1
  m_OverrideSorting: 0
  m_OverridePixelPerfect: 0
  m_SortingBucketNormalizedSize: 0
  m_AdditionalShaderChannelsFlag: 0
  m_SortingLayerID: 0
  m_SortingOrder: 0
  m_TargetDisplay: 0
--- !u!224 &3236038819704226774
RectTransform:
  m_ObjectHideFlags: 0
  m_CorrespondingSourceObject: {fileID: 0}
  m_PrefabInstance: {fileID: 0}
  m_PrefabAsset: {fileID: 0}
  m_GameObject: {fileID: 3236038819704226793}
  m_LocalRotation: {x: -0, y: -0, z: -0, w: 1}
  m_LocalPosition: {x: 0, y: 0, z: 0}
  m_LocalScale: {x: 1, y: 1, z: 1}
  m_Children: []
  m_Father: {fileID: 3236038819712991953}
  m_RootOrder: 0
  m_LocalEulerAnglesHint: {x: 0, y: 0, z: 0}
  m_AnchorMin: {x: 0, y: 0}
  m_AnchorMax: {x: 1, y: 1}
  m_AnchoredPosition: {x: 0, y: 0}
  m_SizeDelta: {x: 0, y: 0}
  m_Pivot: {x: 0.5, y: 0.5}
--- !u!222 &3236038819704226775
CanvasRenderer:
  m_ObjectHideFlags: 0
  m_CorrespondingSourceObject: {fileID: 0}
  m_PrefabInstance: {fileID: 0}
  m_PrefabAsset: {fileID: 0}
  m_GameObject: {fileID: 3236038819704226793}
  m_CullTransparentMesh: 0
--- !u!1 &3236038819704226793
GameObject:
  m_ObjectHideFlags: 0
  m_CorrespondingSourceObject: {fileID: 0}
  m_PrefabInstance: {fileID: 0}
  m_PrefabAsset: {fileID: 0}
  serializedVersion: 6
  m_Component:
  - component: {fileID: 3236038819704226774}
  - component: {fileID: 3236038819704226775}
  m_Layer: 5
  m_Name: Background
  m_TagString: Untagged
  m_Icon: {fileID: 0}
  m_NavMeshLayer: 0
  m_StaticEditorFlags: 4294967295
  m_IsActive: 1
--- !u!1 &3236038819712991952
GameObject:
  m_ObjectHideFlags: 0
  m_CorrespondingSourceObject: {fileID: 0}
  m_PrefabInstance: {fileID: 0}
  m_PrefabAsset: {fileID: 0}
  serializedVersion: 6
  m_Component:
  - component: {fileID: 3236038819712991953}
  - component: {fileID: 3236038819712991966}
  m_Layer: 5
  m_Name: Slider
  m_TagString: Untagged
  m_Icon: {fileID: 0}
  m_NavMeshLayer: 0
  m_StaticEditorFlags: 4294967295
  m_IsActive: 1
--- !u!224 &3236038819712991953
RectTransform:
  m_ObjectHideFlags: 0
  m_CorrespondingSourceObject: {fileID: 0}
  m_PrefabInstance: {fileID: 0}
  m_PrefabAsset: {fileID: 0}
  m_GameObject: {fileID: 3236038819712991952}
  m_LocalRotation: {x: 0, y: 0, z: 0, w: 1}
  m_LocalPosition: {x: 0, y: 0, z: 0}
  m_LocalScale: {x: 1, y: 1, z: 1}
  m_Children:
  - {fileID: 3236038819704226774}
  - {fileID: 3236038820579788043}
  m_Father: {fileID: 3236038820573513645}
  m_RootOrder: 1
  m_LocalEulerAnglesHint: {x: 0, y: 0, z: 0}
  m_AnchorMin: {x: 0.5, y: 0.5}
  m_AnchorMax: {x: 0.5, y: 0.5}
  m_AnchoredPosition: {x: 0, y: -0.6}
  m_SizeDelta: {x: 160, y: 160}
  m_Pivot: {x: 0.5, y: 0.5}
--- !u!114 &3236038819712991966
MonoBehaviour:
  m_ObjectHideFlags: 0
  m_CorrespondingSourceObject: {fileID: 0}
  m_PrefabInstance: {fileID: 0}
  m_PrefabAsset: {fileID: 0}
  m_GameObject: {fileID: 3236038819712991952}
  m_Enabled: 1
  m_EditorHideFlags: 0
  m_Script: {fileID: 11500000, guid: 67db9e8f0e2ae9c40bc1e2b64352a6b4, type: 3}
  m_Name: 
  m_EditorClassIdentifier: 
  m_Navigation:
    m_Mode: 3
    m_SelectOnUp: {fileID: 0}
    m_SelectOnDown: {fileID: 0}
    m_SelectOnLeft: {fileID: 0}
    m_SelectOnRight: {fileID: 0}
  m_Transition: 1
  m_Colors:
    m_NormalColor: {r: 1, g: 1, b: 1, a: 1}
    m_HighlightedColor: {r: 0.9607843, g: 0.9607843, b: 0.9607843, a: 1}
    m_PressedColor: {r: 0.78431374, g: 0.78431374, b: 0.78431374, a: 1}
    m_SelectedColor: {r: 0.9607843, g: 0.9607843, b: 0.9607843, a: 1}
    m_DisabledColor: {r: 0.78431374, g: 0.78431374, b: 0.78431374, a: 0.5019608}
    m_ColorMultiplier: 1
    m_FadeDuration: 0.1
  m_SpriteState:
    m_HighlightedSprite: {fileID: 0}
    m_PressedSprite: {fileID: 0}
    m_SelectedSprite: {fileID: 0}
    m_DisabledSprite: {fileID: 0}
  m_AnimationTriggers:
    m_NormalTrigger: Normal
    m_HighlightedTrigger: Highlighted
    m_PressedTrigger: Pressed
    m_SelectedTrigger: Selected
    m_DisabledTrigger: Disabled
  m_Interactable: 1
  m_TargetGraphic: {fileID: 0}
  m_FillRect: {fileID: 3236038819863712818}
  m_HandleRect: {fileID: 0}
  m_Direction: 0
  m_MinValue: 0
  m_MaxValue: 1
  m_WholeNumbers: 0
  m_Value: 0
  m_OnValueChanged:
    m_PersistentCalls:
      m_Calls: []
--- !u!222 &3236038819863712816
CanvasRenderer:
  m_ObjectHideFlags: 0
  m_CorrespondingSourceObject: {fileID: 0}
  m_PrefabInstance: {fileID: 0}
  m_PrefabAsset: {fileID: 0}
  m_GameObject: {fileID: 3236038819863712821}
  m_CullTransparentMesh: 0
--- !u!224 &3236038819863712818
RectTransform:
  m_ObjectHideFlags: 0
  m_CorrespondingSourceObject: {fileID: 0}
  m_PrefabInstance: {fileID: 0}
  m_PrefabAsset: {fileID: 0}
  m_GameObject: {fileID: 3236038819863712821}
  m_LocalRotation: {x: -0, y: -0, z: -0, w: 1}
  m_LocalPosition: {x: 0, y: 0, z: 0}
  m_LocalScale: {x: 1, y: 1, z: 1}
  m_Children: []
  m_Father: {fileID: 3236038820579788043}
  m_RootOrder: 0
  m_LocalEulerAnglesHint: {x: 0, y: 0, z: 0}
  m_AnchorMin: {x: 0, y: 0}
  m_AnchorMax: {x: 1, y: 1}
  m_AnchoredPosition: {x: 0, y: 0}
  m_SizeDelta: {x: 0, y: 0}
  m_Pivot: {x: 0.5, y: 0.5}
--- !u!114 &3236038819863712819
MonoBehaviour:
  m_ObjectHideFlags: 0
  m_CorrespondingSourceObject: {fileID: 0}
  m_PrefabInstance: {fileID: 0}
  m_PrefabAsset: {fileID: 0}
  m_GameObject: {fileID: 3236038819863712821}
  m_Enabled: 1
  m_EditorHideFlags: 0
  m_Script: {fileID: 11500000, guid: fe87c0e1cc204ed48ad3b37840f39efc, type: 3}
  m_Name: 
  m_EditorClassIdentifier: 
  m_Material: {fileID: 0}
  m_Color: {r: 0.1273585, g: 1, b: 0.2731134, a: 1}
  m_RaycastTarget: 1
  m_Maskable: 1
  m_OnCullStateChanged:
    m_PersistentCalls:
      m_Calls: []
  m_Sprite: {fileID: 21300000, guid: 4d5ea9e8de178414ab237ef7a1cc913e, type: 3}
  m_Type: 3
  m_PreserveAspect: 1
  m_FillCenter: 1
  m_FillMethod: 4
  m_FillAmount: 0
  m_FillClockwise: 1
  m_FillOrigin: 0
  m_UseSpriteMesh: 0
  m_PixelsPerUnitMultiplier: 1
--- !u!1 &3236038819863712821
GameObject:
  m_ObjectHideFlags: 0
  m_CorrespondingSourceObject: {fileID: 0}
  m_PrefabInstance: {fileID: 0}
  m_PrefabAsset: {fileID: 0}
  serializedVersion: 6
  m_Component:
  - component: {fileID: 3236038819863712818}
  - component: {fileID: 3236038819863712816}
  - component: {fileID: 3236038819863712819}
  m_Layer: 5
  m_Name: Fill
  m_TagString: Untagged
  m_Icon: {fileID: 0}
  m_NavMeshLayer: 0
  m_StaticEditorFlags: 4294967295
  m_IsActive: 1
--- !u!222 &3236038820069940024
CanvasRenderer:
  m_ObjectHideFlags: 0
  m_CorrespondingSourceObject: {fileID: 0}
  m_PrefabInstance: {fileID: 0}
  m_PrefabAsset: {fileID: 0}
  m_GameObject: {fileID: 3236038820069940029}
  m_CullTransparentMesh: 0
--- !u!224 &3236038820069940026
RectTransform:
  m_ObjectHideFlags: 0
  m_CorrespondingSourceObject: {fileID: 0}
  m_PrefabInstance: {fileID: 0}
  m_PrefabAsset: {fileID: 0}
  m_GameObject: {fileID: 3236038820069940029}
  m_LocalRotation: {x: -0, y: -0, z: -0, w: 1}
  m_LocalPosition: {x: 0, y: 0, z: 0}
  m_LocalScale: {x: 1, y: 1, z: 1}
  m_Children: []
  m_Father: {fileID: 3236038818945468581}
  m_RootOrder: 0
  m_LocalEulerAnglesHint: {x: 0, y: 0, z: 0}
  m_AnchorMin: {x: 0, y: 0.48365986}
  m_AnchorMax: {x: 1, y: 1}
  m_AnchoredPosition: {x: 0.005012512, y: 0.027961731}
  m_SizeDelta: {x: -0.011352539, y: -0.07964587}
  m_Pivot: {x: 0.5, y: 0.5}
--- !u!114 &3236038820069940027
MonoBehaviour:
  m_ObjectHideFlags: 0
  m_CorrespondingSourceObject: {fileID: 0}
  m_PrefabInstance: {fileID: 0}
  m_PrefabAsset: {fileID: 0}
  m_GameObject: {fileID: 3236038820069940029}
  m_Enabled: 1
  m_EditorHideFlags: 0
  m_Script: {fileID: 11500000, guid: 5f7201a12d95ffc409449d95f23cf332, type: 3}
  m_Name: 
  m_EditorClassIdentifier: 
  m_Material: {fileID: 0}
  m_Color: {r: 0.50980395, g: 0.2392157, b: 0.52156866, a: 1}
  m_RaycastTarget: 1
  m_Maskable: 1
  m_OnCullStateChanged:
    m_PersistentCalls:
      m_Calls: []
  m_FontData:
    m_Font: {fileID: 12800000, guid: e43d419ce9117004381ab341c1e5f1a7, type: 3}
    m_FontSize: 14
    m_FontStyle: 0
    m_BestFit: 1
    m_MinSize: 10
    m_MaxSize: 300
    m_Alignment: 4
    m_AlignByGeometry: 0
    m_RichText: 1
    m_HorizontalOverflow: 0
    m_VerticalOverflow: 0
    m_LineSpacing: 1
  m_Text: Goal
--- !u!1 &3236038820069940029
GameObject:
  m_ObjectHideFlags: 0
  m_CorrespondingSourceObject: {fileID: 0}
  m_PrefabInstance: {fileID: 0}
  m_PrefabAsset: {fileID: 0}
  serializedVersion: 6
  m_Component:
  - component: {fileID: 3236038820069940026}
  - component: {fileID: 3236038820069940024}
  - component: {fileID: 3236038820069940027}
  m_Layer: 5
  m_Name: GoalText
  m_TagString: Untagged
  m_Icon: {fileID: 0}
  m_NavMeshLayer: 0
  m_StaticEditorFlags: 4294967295
  m_IsActive: 1
--- !u!222 &3236038820573513642
CanvasRenderer:
  m_ObjectHideFlags: 0
  m_CorrespondingSourceObject: {fileID: 0}
  m_PrefabInstance: {fileID: 0}
  m_PrefabAsset: {fileID: 0}
  m_GameObject: {fileID: 3236038820573513644}
  m_CullTransparentMesh: 0
--- !u!95 &3236038820573513643
Animator:
  serializedVersion: 3
  m_ObjectHideFlags: 0
  m_CorrespondingSourceObject: {fileID: 0}
  m_PrefabInstance: {fileID: 0}
  m_PrefabAsset: {fileID: 0}
  m_GameObject: {fileID: 3236038820573513644}
  m_Enabled: 1
  m_Avatar: {fileID: 0}
  m_Controller: {fileID: 9100000, guid: 18228af18905602459e26be521592b72, type: 2}
  m_CullingMode: 0
  m_UpdateMode: 0
  m_ApplyRootMotion: 0
  m_LinearVelocityBlending: 0
  m_WarningMessage: 
  m_HasTransformHierarchy: 1
  m_AllowConstantClipSamplingOptimization: 1
  m_KeepAnimatorControllerStateOnDisable: 0
--- !u!1 &3236038820573513644
GameObject:
  m_ObjectHideFlags: 0
  m_CorrespondingSourceObject: {fileID: 0}
  m_PrefabInstance: {fileID: 0}
  m_PrefabAsset: {fileID: 0}
  serializedVersion: 6
  m_Component:
  - component: {fileID: 3236038820573513645}
  - component: {fileID: 3236038820573513642}
  - component: {fileID: 3236038820573513643}
  m_Layer: 5
  m_Name: Background
  m_TagString: Untagged
  m_Icon: {fileID: 0}
  m_NavMeshLayer: 0
  m_StaticEditorFlags: 4294967295
  m_IsActive: 1
--- !u!224 &3236038820573513645
RectTransform:
  m_ObjectHideFlags: 0
  m_CorrespondingSourceObject: {fileID: 0}
  m_PrefabInstance: {fileID: 0}
  m_PrefabAsset: {fileID: 0}
  m_GameObject: {fileID: 3236038820573513644}
  m_LocalRotation: {x: 0, y: 0, z: 0, w: 1}
  m_LocalPosition: {x: 0, y: 0, z: 0}
  m_LocalScale: {x: 1, y: 1, z: 1}
  m_Children:
  - {fileID: 3236038818945468581}
  - {fileID: 3236038819712991953}
  m_Father: {fileID: 3236038819571683904}
  m_RootOrder: 0
  m_LocalEulerAnglesHint: {x: 0, y: 0, z: 0}
  m_AnchorMin: {x: 0, y: 0}
  m_AnchorMax: {x: 1, y: 1}
  m_AnchoredPosition: {x: 0, y: 0}
  m_SizeDelta: {x: 0, y: 0}
  m_Pivot: {x: 0.5, y: 0.5}
--- !u!1 &3236038820579788042
GameObject:
  m_ObjectHideFlags: 0
  m_CorrespondingSourceObject: {fileID: 0}
  m_PrefabInstance: {fileID: 0}
  m_PrefabAsset: {fileID: 0}
  serializedVersion: 6
  m_Component:
  - component: {fileID: 3236038820579788043}
  m_Layer: 5
  m_Name: Fill Area
  m_TagString: Untagged
  m_Icon: {fileID: 0}
  m_NavMeshLayer: 0
  m_StaticEditorFlags: 4294967295
  m_IsActive: 1
--- !u!224 &3236038820579788043
RectTransform:
  m_ObjectHideFlags: 0
  m_CorrespondingSourceObject: {fileID: 0}
  m_PrefabInstance: {fileID: 0}
  m_PrefabAsset: {fileID: 0}
  m_GameObject: {fileID: 3236038820579788042}
  m_LocalRotation: {x: -0, y: -0, z: -0, w: 1}
  m_LocalPosition: {x: 0, y: 0, z: 0}
  m_LocalScale: {x: 1, y: 1, z: 1}
  m_Children:
  - {fileID: 3236038819863712818}
  m_Father: {fileID: 3236038819712991953}
  m_RootOrder: 1
  m_LocalEulerAnglesHint: {x: 0, y: 0, z: 0}
  m_AnchorMin: {x: 0, y: 0}
  m_AnchorMax: {x: 1, y: 1}
  m_AnchoredPosition: {x: 0, y: 0}
  m_SizeDelta: {x: 0, y: 0}
  m_Pivot: {x: 0.5, y: 0.5}
--- !u!33 &3260481555559732463
MeshFilter:
  m_ObjectHideFlags: 0
  m_CorrespondingSourceObject: {fileID: 0}
  m_PrefabInstance: {fileID: 0}
  m_PrefabAsset: {fileID: 0}
  m_GameObject: {fileID: 4974260867967259148}
  m_Mesh: {fileID: 1066918443000917738, guid: c1f46495a570ebb458abb4daceed4980, type: 3}
--- !u!4 &3326142425218036497
Transform:
  m_ObjectHideFlags: 0
  m_CorrespondingSourceObject: {fileID: 0}
  m_PrefabInstance: {fileID: 0}
  m_PrefabAsset: {fileID: 0}
  m_GameObject: {fileID: 2694001697130965419}
  m_LocalRotation: {x: -0, y: -0, z: -0, w: 1}
  m_LocalPosition: {x: 0, y: 0, z: 0}
  m_LocalScale: {x: 1, y: 1, z: 1}
  m_Children:
  - {fileID: 3236038819571683904}
  - {fileID: 6630118588442688386}
  - {fileID: 4850682162677543661}
  m_Father: {fileID: 1700806721}
  m_RootOrder: 2
  m_LocalEulerAnglesHint: {x: 0, y: 0, z: 0}
--- !u!33 &3469287838563004410
MeshFilter:
  m_ObjectHideFlags: 0
  m_CorrespondingSourceObject: {fileID: 0}
  m_PrefabInstance: {fileID: 0}
  m_PrefabAsset: {fileID: 0}
  m_GameObject: {fileID: 919132148107983589}
  m_Mesh: {fileID: 796213634677212370, guid: a15b0664e97c46041a87b6f8772d3948, type: 3}
--- !u!1001 &4655617031352553682
PrefabInstance:
  m_ObjectHideFlags: 0
  serializedVersion: 2
  m_Modification:
    m_TransformParent: {fileID: 343965592509764527}
    m_Modifications:
    - target: {fileID: 1435563683646596889, guid: c28b94c495c636348abb112eff1889d4,
        type: 3}
      propertyPath: m_Name
      value: Arrow (2)
      objectReference: {fileID: 0}
    - target: {fileID: 1435563683646596889, guid: c28b94c495c636348abb112eff1889d4,
        type: 3}
      propertyPath: m_StaticEditorFlags
      value: 4294967295
      objectReference: {fileID: 0}
    - target: {fileID: 1776658219868143011, guid: c28b94c495c636348abb112eff1889d4,
        type: 3}
      propertyPath: m_LocalPosition.x
      value: 0
      objectReference: {fileID: 0}
    - target: {fileID: 1776658219868143011, guid: c28b94c495c636348abb112eff1889d4,
        type: 3}
      propertyPath: m_LocalPosition.y
      value: -0.027
      objectReference: {fileID: 0}
    - target: {fileID: 1776658219868143011, guid: c28b94c495c636348abb112eff1889d4,
        type: 3}
      propertyPath: m_LocalPosition.z
      value: 0
      objectReference: {fileID: 0}
    - target: {fileID: 1776658219868143011, guid: c28b94c495c636348abb112eff1889d4,
        type: 3}
      propertyPath: m_LocalRotation.x
      value: -0
      objectReference: {fileID: 0}
    - target: {fileID: 1776658219868143011, guid: c28b94c495c636348abb112eff1889d4,
        type: 3}
      propertyPath: m_LocalRotation.y
      value: -0
      objectReference: {fileID: 0}
    - target: {fileID: 1776658219868143011, guid: c28b94c495c636348abb112eff1889d4,
        type: 3}
      propertyPath: m_LocalRotation.z
      value: -0
      objectReference: {fileID: 0}
    - target: {fileID: 1776658219868143011, guid: c28b94c495c636348abb112eff1889d4,
        type: 3}
      propertyPath: m_LocalRotation.w
      value: 1
      objectReference: {fileID: 0}
    - target: {fileID: 1776658219868143011, guid: c28b94c495c636348abb112eff1889d4,
        type: 3}
      propertyPath: m_RootOrder
      value: 2
      objectReference: {fileID: 0}
    - target: {fileID: 1776658219868143011, guid: c28b94c495c636348abb112eff1889d4,
        type: 3}
      propertyPath: m_LocalEulerAnglesHint.x
      value: 0
      objectReference: {fileID: 0}
    - target: {fileID: 1776658219868143011, guid: c28b94c495c636348abb112eff1889d4,
        type: 3}
      propertyPath: m_LocalEulerAnglesHint.y
      value: 0
      objectReference: {fileID: 0}
    - target: {fileID: 1776658219868143011, guid: c28b94c495c636348abb112eff1889d4,
        type: 3}
      propertyPath: m_LocalEulerAnglesHint.z
      value: 0
      objectReference: {fileID: 0}
    m_RemovedComponents: []
  m_SourcePrefab: {fileID: 100100000, guid: c28b94c495c636348abb112eff1889d4, type: 3}
--- !u!4 &4655617031352553683 stripped
Transform:
  m_CorrespondingSourceObject: {fileID: 1776658219868143011, guid: c28b94c495c636348abb112eff1889d4,
    type: 3}
  m_PrefabInstance: {fileID: 4655617031352553682}
  m_PrefabAsset: {fileID: 0}
--- !u!4 &4850682162677543661
Transform:
  m_ObjectHideFlags: 0
  m_CorrespondingSourceObject: {fileID: 0}
  m_PrefabInstance: {fileID: 0}
  m_PrefabAsset: {fileID: 0}
  m_GameObject: {fileID: 2994901491663251214}
  m_LocalRotation: {x: 0, y: -0, z: -0, w: 1}
  m_LocalPosition: {x: 0, y: 0, z: 0}
  m_LocalScale: {x: 0.56805, y: 0.56805, z: 0.56805}
  m_Children: []
  m_Father: {fileID: 3326142425218036497}
  m_RootOrder: 2
  m_LocalEulerAnglesHint: {x: 0, y: 0, z: 0}
--- !u!1 &4974260867967259148
GameObject:
  m_ObjectHideFlags: 0
  m_CorrespondingSourceObject: {fileID: 0}
  m_PrefabInstance: {fileID: 0}
  m_PrefabAsset: {fileID: 0}
  serializedVersion: 6
  m_Component:
  - component: {fileID: 7545694676192137326}
  - component: {fileID: 3260481555559732463}
  - component: {fileID: 475410607855756430}
  m_Layer: 0
  m_Name: SlideSideLeft
  m_TagString: Untagged
  m_Icon: {fileID: 0}
  m_NavMeshLayer: 0
  m_StaticEditorFlags: 4294967295
  m_IsActive: 1
--- !u!4 &5878843317463197490
Transform:
  m_ObjectHideFlags: 0
  m_CorrespondingSourceObject: {fileID: 0}
  m_PrefabInstance: {fileID: 0}
  m_PrefabAsset: {fileID: 0}
  m_GameObject: {fileID: 8431460210617841712}
  m_LocalRotation: {x: 0, y: -0, z: -0, w: 1}
  m_LocalPosition: {x: -0, y: 1.2205396, z: 3.2209837}
  m_LocalScale: {x: 1, y: 1, z: 1}
  m_Children:
  - {fileID: 1503122361}
  m_Father: {fileID: 9013357836300814258}
  m_RootOrder: 1
  m_LocalEulerAnglesHint: {x: 0, y: 0, z: 0}
--- !u!23 &6039985173041770815
MeshRenderer:
  m_ObjectHideFlags: 0
  m_CorrespondingSourceObject: {fileID: 0}
  m_PrefabInstance: {fileID: 0}
  m_PrefabAsset: {fileID: 0}
  m_GameObject: {fileID: 8431460210617841712}
  m_Enabled: 1
  m_CastShadows: 0
  m_ReceiveShadows: 1
  m_DynamicOccludee: 1
  m_MotionVectors: 1
  m_LightProbeUsage: 1
  m_ReflectionProbeUsage: 1
  m_RayTracingMode: 2
  m_RenderingLayerMask: 1
  m_RendererPriority: 0
  m_Materials:
  - {fileID: 2100000, guid: 42b6aaf333362a94492ae28060b19902, type: 2}
  m_StaticBatchInfo:
    firstSubMesh: 0
    subMeshCount: 0
  m_StaticBatchRoot: {fileID: 0}
  m_ProbeAnchor: {fileID: 0}
  m_LightProbeVolumeOverride: {fileID: 0}
  m_ScaleInLightmap: 1
  m_ReceiveGI: 1
  m_PreserveUVs: 0
  m_IgnoreNormalsForChartDetection: 0
  m_ImportantGI: 0
  m_StitchLightmapSeams: 1
  m_SelectedEditorRenderState: 3
  m_MinimumChartSize: 4
  m_AutoUVMaxDistance: 0.5
  m_AutoUVMaxAngle: 89
  m_LightmapParameters: {fileID: 0}
  m_SortingLayerID: 0
  m_SortingLayer: 0
  m_SortingOrder: 0
--- !u!1 &6089062755907386118
GameObject:
  m_ObjectHideFlags: 0
  m_CorrespondingSourceObject: {fileID: 0}
  m_PrefabInstance: {fileID: 0}
  m_PrefabAsset: {fileID: 0}
  serializedVersion: 6
  m_Component:
  - component: {fileID: 6630118588442688386}
  - component: {fileID: 1337471273395479068}
  - component: {fileID: 7607709386605938642}
  m_Layer: 0
  m_Name: HoleBorder
  m_TagString: Untagged
  m_Icon: {fileID: 0}
  m_NavMeshLayer: 0
  m_StaticEditorFlags: 4294967295
  m_IsActive: 1
--- !u!4 &6630118588442688386
Transform:
  m_ObjectHideFlags: 0
  m_CorrespondingSourceObject: {fileID: 0}
  m_PrefabInstance: {fileID: 0}
  m_PrefabAsset: {fileID: 0}
  m_GameObject: {fileID: 6089062755907386118}
  m_LocalRotation: {x: 0, y: -0, z: -0, w: 1}
  m_LocalPosition: {x: 0, y: 0.02, z: 0}
  m_LocalScale: {x: 1, y: 1, z: 1}
  m_Children: []
  m_Father: {fileID: 3326142425218036497}
  m_RootOrder: 1
  m_LocalEulerAnglesHint: {x: 0, y: 0, z: 0}
--- !u!33 &6744942948863896056
MeshFilter:
  m_ObjectHideFlags: 0
  m_CorrespondingSourceObject: {fileID: 0}
  m_PrefabInstance: {fileID: 0}
  m_PrefabAsset: {fileID: 0}
  m_GameObject: {fileID: 753509768000746637}
  m_Mesh: {fileID: -7649489114087957617, guid: c1f46495a570ebb458abb4daceed4980, type: 3}
--- !u!4 &7545694676192137326
Transform:
  m_ObjectHideFlags: 0
  m_CorrespondingSourceObject: {fileID: 0}
  m_PrefabInstance: {fileID: 0}
  m_PrefabAsset: {fileID: 0}
  m_GameObject: {fileID: 4974260867967259148}
  m_LocalRotation: {x: 0, y: -0, z: -0, w: 1}
  m_LocalPosition: {x: -0.5738426, y: 1.3231611, z: 3.2210932}
  m_LocalScale: {x: 1, y: 1, z: 1}
  m_Children: []
  m_Father: {fileID: 9013357836300814258}
  m_RootOrder: 2
  m_LocalEulerAnglesHint: {x: 0, y: 0, z: 0}
--- !u!23 &7607709386605938642
MeshRenderer:
  m_ObjectHideFlags: 0
  m_CorrespondingSourceObject: {fileID: 0}
  m_PrefabInstance: {fileID: 0}
  m_PrefabAsset: {fileID: 0}
  m_GameObject: {fileID: 6089062755907386118}
  m_Enabled: 1
  m_CastShadows: 1
  m_ReceiveShadows: 1
  m_DynamicOccludee: 1
  m_MotionVectors: 1
  m_LightProbeUsage: 1
  m_ReflectionProbeUsage: 1
  m_RayTracingMode: 2
  m_RenderingLayerMask: 1
  m_RendererPriority: 0
  m_Materials:
  - {fileID: 2100000, guid: df75e101aa832104c8b5d3a679ef6d65, type: 2}
  m_StaticBatchInfo:
    firstSubMesh: 0
    subMeshCount: 0
  m_StaticBatchRoot: {fileID: 0}
  m_ProbeAnchor: {fileID: 0}
  m_LightProbeVolumeOverride: {fileID: 0}
  m_ScaleInLightmap: 1
  m_ReceiveGI: 1
  m_PreserveUVs: 0
  m_IgnoreNormalsForChartDetection: 0
  m_ImportantGI: 0
  m_StitchLightmapSeams: 1
  m_SelectedEditorRenderState: 3
  m_MinimumChartSize: 4
  m_AutoUVMaxDistance: 0.5
  m_AutoUVMaxAngle: 89
  m_LightmapParameters: {fileID: 0}
  m_SortingLayerID: 0
  m_SortingLayer: 0
  m_SortingOrder: 0
--- !u!1 &7630422969405129310
GameObject:
  m_ObjectHideFlags: 0
  m_CorrespondingSourceObject: {fileID: 0}
  m_PrefabInstance: {fileID: 0}
  m_PrefabAsset: {fileID: 0}
  serializedVersion: 6
  m_Component:
  - component: {fileID: 343965592509764527}
  m_Layer: 0
  m_Name: Arrows
  m_TagString: Untagged
  m_Icon: {fileID: 0}
  m_NavMeshLayer: 0
  m_StaticEditorFlags: 4294967295
  m_IsActive: 1
--- !u!1001 &7852306579398087431
PrefabInstance:
  m_ObjectHideFlags: 0
  serializedVersion: 2
  m_Modification:
    m_TransformParent: {fileID: 343965592509764527}
    m_Modifications:
    - target: {fileID: 1435563683646596889, guid: c28b94c495c636348abb112eff1889d4,
        type: 3}
      propertyPath: m_Name
      value: Arrow (1)
      objectReference: {fileID: 0}
    - target: {fileID: 1435563683646596889, guid: c28b94c495c636348abb112eff1889d4,
        type: 3}
      propertyPath: m_StaticEditorFlags
      value: 4294967295
      objectReference: {fileID: 0}
    - target: {fileID: 1776658219868143011, guid: c28b94c495c636348abb112eff1889d4,
        type: 3}
      propertyPath: m_LocalPosition.x
      value: 0.353
      objectReference: {fileID: 0}
    - target: {fileID: 1776658219868143011, guid: c28b94c495c636348abb112eff1889d4,
        type: 3}
      propertyPath: m_LocalPosition.y
      value: -0.027
      objectReference: {fileID: 0}
    - target: {fileID: 1776658219868143011, guid: c28b94c495c636348abb112eff1889d4,
        type: 3}
      propertyPath: m_LocalPosition.z
      value: 0
      objectReference: {fileID: 0}
    - target: {fileID: 1776658219868143011, guid: c28b94c495c636348abb112eff1889d4,
        type: 3}
      propertyPath: m_LocalRotation.x
      value: -0
      objectReference: {fileID: 0}
    - target: {fileID: 1776658219868143011, guid: c28b94c495c636348abb112eff1889d4,
        type: 3}
      propertyPath: m_LocalRotation.y
      value: -0
      objectReference: {fileID: 0}
    - target: {fileID: 1776658219868143011, guid: c28b94c495c636348abb112eff1889d4,
        type: 3}
      propertyPath: m_LocalRotation.z
      value: -0
      objectReference: {fileID: 0}
    - target: {fileID: 1776658219868143011, guid: c28b94c495c636348abb112eff1889d4,
        type: 3}
      propertyPath: m_LocalRotation.w
      value: 1
      objectReference: {fileID: 0}
    - target: {fileID: 1776658219868143011, guid: c28b94c495c636348abb112eff1889d4,
        type: 3}
      propertyPath: m_RootOrder
      value: 1
      objectReference: {fileID: 0}
    - target: {fileID: 1776658219868143011, guid: c28b94c495c636348abb112eff1889d4,
        type: 3}
      propertyPath: m_LocalEulerAnglesHint.x
      value: 0
      objectReference: {fileID: 0}
    - target: {fileID: 1776658219868143011, guid: c28b94c495c636348abb112eff1889d4,
        type: 3}
      propertyPath: m_LocalEulerAnglesHint.y
      value: 0
      objectReference: {fileID: 0}
    - target: {fileID: 1776658219868143011, guid: c28b94c495c636348abb112eff1889d4,
        type: 3}
      propertyPath: m_LocalEulerAnglesHint.z
      value: 0
      objectReference: {fileID: 0}
    m_RemovedComponents: []
  m_SourcePrefab: {fileID: 100100000, guid: c28b94c495c636348abb112eff1889d4, type: 3}
--- !u!4 &7852306579398087432 stripped
Transform:
  m_CorrespondingSourceObject: {fileID: 1776658219868143011, guid: c28b94c495c636348abb112eff1889d4,
    type: 3}
  m_PrefabInstance: {fileID: 7852306579398087431}
  m_PrefabAsset: {fileID: 0}
--- !u!33 &8075789943946780787
MeshFilter:
  m_ObjectHideFlags: 0
  m_CorrespondingSourceObject: {fileID: 0}
  m_PrefabInstance: {fileID: 0}
  m_PrefabAsset: {fileID: 0}
  m_GameObject: {fileID: 2994901491663251214}
  m_Mesh: {fileID: 1188741802036823435, guid: 2aab7cfb9b656b14d9c838b116fb9ff1, type: 3}
--- !u!23 &8148863253826815999
MeshRenderer:
  m_ObjectHideFlags: 0
  m_CorrespondingSourceObject: {fileID: 0}
  m_PrefabInstance: {fileID: 0}
  m_PrefabAsset: {fileID: 0}
  m_GameObject: {fileID: 2994901491663251214}
  m_Enabled: 1
  m_CastShadows: 1
  m_ReceiveShadows: 1
  m_DynamicOccludee: 1
  m_MotionVectors: 1
  m_LightProbeUsage: 1
  m_ReflectionProbeUsage: 1
  m_RayTracingMode: 2
  m_RenderingLayerMask: 1
  m_RendererPriority: 0
  m_Materials:
  - {fileID: 2100000, guid: df75e101aa832104c8b5d3a679ef6d65, type: 2}
  - {fileID: 2100000, guid: bfd30a262ced67c46aea1733e5f326e1, type: 2}
  m_StaticBatchInfo:
    firstSubMesh: 0
    subMeshCount: 0
  m_StaticBatchRoot: {fileID: 0}
  m_ProbeAnchor: {fileID: 0}
  m_LightProbeVolumeOverride: {fileID: 0}
  m_ScaleInLightmap: 1
  m_ReceiveGI: 1
  m_PreserveUVs: 0
  m_IgnoreNormalsForChartDetection: 0
  m_ImportantGI: 0
  m_StitchLightmapSeams: 1
  m_SelectedEditorRenderState: 3
  m_MinimumChartSize: 4
  m_AutoUVMaxDistance: 0.5
  m_AutoUVMaxAngle: 89
  m_LightmapParameters: {fileID: 0}
  m_SortingLayerID: 0
  m_SortingLayer: 0
  m_SortingOrder: 0
--- !u!1 &8431460210617841712
GameObject:
  m_ObjectHideFlags: 0
  m_CorrespondingSourceObject: {fileID: 0}
  m_PrefabInstance: {fileID: 0}
  m_PrefabAsset: {fileID: 0}
  serializedVersion: 6
  m_Component:
  - component: {fileID: 5878843317463197490}
  - component: {fileID: 2617871975672042347}
  - component: {fileID: 6039985173041770815}
  m_Layer: 0
  m_Name: SlideCenter
  m_TagString: Untagged
  m_Icon: {fileID: 0}
  m_NavMeshLayer: 0
  m_StaticEditorFlags: 4294967295
  m_IsActive: 1
--- !u!1 &8529309299372055816
GameObject:
  m_ObjectHideFlags: 0
  m_CorrespondingSourceObject: {fileID: 0}
  m_PrefabInstance: {fileID: 0}
  m_PrefabAsset: {fileID: 0}
  serializedVersion: 6
  m_Component:
  - component: {fileID: 9013357836300814258}
  m_Layer: 0
  m_Name: SlideWide
  m_TagString: Untagged
  m_Icon: {fileID: 0}
  m_NavMeshLayer: 0
  m_StaticEditorFlags: 4294967295
  m_IsActive: 1
--- !u!4 &9013357836300814258
Transform:
  m_ObjectHideFlags: 0
  m_CorrespondingSourceObject: {fileID: 0}
  m_PrefabInstance: {fileID: 0}
  m_PrefabAsset: {fileID: 0}
  m_GameObject: {fileID: 8529309299372055816}
  m_LocalRotation: {x: -0, y: -0.30549154, z: -0, w: 0.9521948}
  m_LocalPosition: {x: -1.06, y: 0.059, z: 6.87}
  m_LocalScale: {x: 1.29408, y: 0.8, z: 0.8}
  m_Children:
  - {fileID: 530818444}
  - {fileID: 5878843317463197490}
  - {fileID: 7545694676192137326}
  - {fileID: 2254062720509504491}
  - {fileID: 343965592509764527}
  m_Father: {fileID: 1700806721}
  m_RootOrder: 1
  m_LocalEulerAnglesHint: {x: 0, y: -35.575, z: 0}
